% This file was created with JabRef 2.9.2.
% Encoding: Cp1252

@ARTICLE{Aatola2008,
  author = {Aatola, Hannu and Larmi, Martti and Sarjovaara, Teemu and Mikkonen,
	Seppo},
  title = {Hydrotreated vegetable oil (HVO) as a renewable diesel fuel: trade-off
	between NOx, particulate emission, and fuel consumption of a heavy
	duty engine},
  journal = {SAE International},
  year = {2008},
  volume = {2008--01--2500},
  pages = {12},
  url = {http://biofuelstp.eu/downloads/SAE_Study_Hydrotreated_Vegetable_Oil_HVO_as_a_Renewable_Diesel_Fuel.pdf}
}

@MISC{ACEA2008,
  author = {ACEA},
  title = {Worldwide Fuel Charter (WWFC) biodiesel guidelines},
  year = {2008},
  url = {http://www.acea.be/images/uploads/files/20080717_Proposed_WWFC_B100_Guideline_final_draft_June_2008.pdf}
}

@TECHREPORT{ADEME2009,
  author = {ADEME},
  title = {Life cycle assessment applied to first generation biofuels consumed
	in France},
  institution = {Department of Bioresources. Directorate of Renewable Energies, Energy
	Networks and Markets, ADEME},
  year = {2009}
}

@TECHREPORT{Ahlenius2006,
  author = {Ahlenius, Hugo},
  title = {Current and potential arable land use in Africa},
  institution = {UNEP/GRID-Arenda},
  year = {2006},
  url = {http://www.grida.no/graphicslib/detail/current-and-potential-arable-land-use-in-africa_a9fd#}
}

@ARTICLE{Angerbauer20083051,
  author = {C. Angerbauer and M. Siebenhofer and M. Mittelbach and G.M. Guebitz},
  title = {Conversion of sewage sludge into lipids by lipomyces starkeyi for
	biodiesel production},
  journal = {Bioresource Technology },
  year = {2008},
  volume = {99},
  pages = {3051 - 3056},
  number = {8},
  doi = {http://dx.doi.org/10.1016/j.biortech.2007.06.045},
  issn = {0960-8524},
  keywords = {Lipids},
  url = {http://www.sciencedirect.com/science/article/pii/S0960852407005111}
}

@TECHREPORT{APPA2010,
  author = {APPA},
  title = {Estudio del impacto macroeconómico de las energías renovables en
	España},
  institution = {APPA, Spanish Renewable Energy Association},
  year = {2010},
  owner = {Emilio},
  timestamp = {2013.02.24},
  url = {http://www.appa.es/02appa/02b-documentosappa.php}
}

@TECHREPORT{Arcari2007,
  author = {Arcari, Paula},
  title = {Biodiesel in Australia, benefits, issues and opportunities for local
	government uptake},
  institution = {ICLEI},
  year = {2007},
  month = {June},
  url = {http://www.iclei.org/fileadmin/user_upload/documents/ANZ/CCP/CCP-AU/Projects/Biodiesel/BiodieselReportMain_V14_071018.pdf}
}

@INCOLLECTION{Arvanitoyannis2008,
  author = {Arvanitoyannis, I},
  title = {ISO 14040: Life cycle assessment (LCA) -- Principles and guidelines.
	Ch. 3},
  booktitle = {Waste management for the food industries},
  publisher = {Academic Press},
  year = {2008},
  editor = {Arvanitoyannis, I},
  pages = {97-132},
  address = {Amsterdam},
  endnotereftype = {Book Section},
  isbn = {978-0-12-373654-3},
  shorttitle = {ISO 14040: Life Cycle Assessment (LCA) -- Principles and Guidelines.
	Ch. 3}
}

@MISC{Atsdr,
  author = {ATSDR},
  title = {Toxicological profile for n-hexane},
  institution = {U.S. Department of Health and Human Services, Public Health Service,
	Agency for Toxic Substances and Disease Registry},
  timestamp = {2013.02.23}
}

@ARTICLE{Ayoub20122671,
  author = {Ayoub, Muhammad and Abdullah, Ahmad Zuhairi},
  title = {Critical review on the current scenario and significance of crude
	glycerol resulting from biodiesel industry towards more sustainable
	renewable energy industry},
  journal = {Renewable and Sustainable Energy Reviews},
  year = {2012},
  volume = {16},
  pages = {2671 - 2686},
  number = {5},
  doi = {10.1016/j.rser.2012.01.054},
  issn = {1364-0321},
  keywords = {Crude glycerol},
  url = {http://www.sciencedirect.com/science/article/pii/S1364032112000664}
}

@ARTICLE{Ayres1998,
  author = {Ayres, R.U.},
  title = {Eco-thermodynamics: economics and the second law},
  journal = {Ecological Economics},
  year = {1998},
  volume = {26},
  pages = {189 - 209},
  number = {2},
  doi = {10.1016/S0921-8009(97)00101-8},
  issn = {0921-8009},
  keywords = {Energy},
  url = {http://www.sciencedirect.com/science/article/pii/S0921800997001018}
}

@BOOK{Ayres-Ayres1999,
  title = {Accounting for resources, 2: the life cycle of materials},
  publisher = {Edward Elgar Publishing Ltd.},
  year = {1999},
  author = {Ayres, R.U and Ayres, L.W}
}

@TECHREPORT{Ayres-etal1996,
  author = {Ayres, R.U and Ayres, L.W and Martinas, K.},
  title = {Eco-Thermodynamics: exergy and life cycle analysis},
  institution = {INSEAD's Centre for the Management of Environmental Resources},
  year = {1996}
}

@BOOK{Ayres1996,
  title = {Industrial Ecology. Towards closing the materials cycle},
  publisher = {Elgar Publishing Ltd., UK},
  year = {1996},
  author = {Ayres, R. U. and Ayres, L.W.}
}

@ARTICLE{Bailey2013,
  author = {Bailey, R.},
  title = {The Trouble with Biofuels: Cost and Consequences of Expanding Biofuel
	Use in United Kingdom.},
  journal = {Energy, Environment and Resources},
  year = {2013},
  volume = {1},
  pages = {1-24},
  owner = {es17155931r},
  timestamp = {2015.02.22},
  url = {http://www.chathamhouse.org/publications/papers/view/190783}
}

@TECHREPORT{CONAMA2009,
  author = {Balda, Mikel and Font de Mora, Emilio and Contreras, Trini and Manso,
	Amparo},
  title = {Desarrollo y aplicaciones de los biocarburantes},
  institution = {Congreso Nacional del Medio Ambiente, Madrid},
  year = {2009},
  url = {http://www.conama9.org/conama9/download/files/GTs/GT_BIOC//BIOC_final.pdf}
}

@BOOK{Bejan1996,
  title = {Thermal Design and Optimization},
  publisher = {Wiley},
  year = {1996},
  author = {Adrian Bejan and George Tsatsaronis and Michael J. Moran},
  owner = {Cesar Torres},
  timestamp = {2013.09.19}
}

@ARTICLE{Berndes2010,
  author = {Berndes, G and Bird, N and Cowie, A},
  title = {Bioenergy, land-use change and climate change mitigation},
  journal = {Bioenergy:ExCo:2010:03},
  year = {2010},
  volume = {3},
  url = {www.ieabioenergy.com}
}

@ARTICLE{Berthiaume2001,
  author = {Berthiaume, Richard and Bouchard, Christian and Rosen, Marc A.},
  title = {Exergetic evaluation of the renewability of a biofuel},
  journal = {Exergy, An International Journal},
  year = {2001},
  volume = {1},
  pages = {256 - 268},
  number = {4},
  doi = {10.1016/S1164-0235(01)00029-2},
  issn = {1164-0235},
  url = {http://www.sciencedirect.com/science/article/pii/S1164023501000292}
}

@TECHREPORT{ECN2011,
  author = {Beurskens, L.W.M and Hekkenberg, M and Vethman, P},
  title = {Renewable energy projections as published in the national renewable
	energy action plans of the European Member States. Covering all 27
	EU Member States with updates for 20 Member States},
  institution = {ECN, financed by the European Environmental Agency},
  year = {2011},
  url = {http://www.ecn.nl/docs/library/report/2010/e10069.pdf}
}

@TECHREPORT{BioDieNet2009,
  author = {{BioDieNet Project}},
  title = {The future of small scale, localised biodiesel production from used
	cooking oil and its use in higher blends},
  institution = {Project supported by the Intelligent Energy -- Europe (IEE) Programme
	of the European Commission},
  year = {2009}
}

@TECHREPORT{BioGrace,
  author = {{BioGrace Project}},
  title = {Harmonised calculations of bioenergy greenhouse gas emissions in
	Europe},
  institution = {Supported by the Intelligent Energy -- Europe Programme (IEE) of
	the European Commission},
  year = {2013},
  url = {http://www.biograce.net/}
}

@TECHREPORT{BioPlat2030,
  author = {BIOPLAT},
  title = {Documento de visi\'on a 2030},
  institution = {BioPlat, Spanish Biomass Technology Platform},
  year = {2012},
  url = {http://www.bioplat.org/setup/upload/modules_docs/content_cont_URI_625.pdf}
}

@TECHREPORT{BioPlatAlgas,
  author = {BIOPLAT},
  title = {Energy from algae. Present and future},
  institution = {BioPlat, Spanish Biomass Technology Platform},
  year = {2012},
  url = {http://www.bioplat.org/setup/upload/modules_docs/content_cont_URI_2104.pdf}
}

@ARTICLE{su3101833,
  author = {Brandt, Adam R.},
  title = {Oil depletion and the energy efficiency of oil production: the case
	of California},
  journal = {Sustainability},
  year = {2011},
  volume = {3},
  pages = {1833--1854},
  number = {10},
  doi = {10.3390/su3101833},
  issn = {2071-1050},
  url = {http://www.mdpi.com/2071-1050/3/10/1833}
}

@TECHREPORT{UNEP2009,
  author = {Bringezu, Stefan and Schütz, Helmut and O´Brien, Meghan and Kauppi,
	Lea and Howarth, Robert W. and McNeely, Jeff},
  title = {Towards sustainable production and use of resources: assessing biofuels},
  institution = {UNEP},
  year = {2009}
}

@TECHREPORT{Bromberg2010,
  author = {Bromberg, L. and Cheng, W.K},
  title = {Methanol as an alternative transportation fuel in the US: Options
	for sustainable and/or energy-secure transportation},
  institution = {Sloan Automotive Laboratory, Massachusetts Institute of Technology
	and Cambridge},
  year = {2010},
  url = {http://www.afdc.energy.gov/pdfs/mit_methanol_white_paper.pdf}
}

@TECHREPORT{IEABiofuels2011,
  author = {Brown, Adam and Fulton, Lew},
  title = {Technology roadmap, biofuels for transport},
  institution = {OECD/IEA},
  year = {2011},
  url = {http://www.iea.org/publications/freepublications/publication/biofuels_roadmap.pdf}
}

@TECHREPORT{Bustos2007,
  author = {Bustos, Manuel and Font de Mora, Emilio},
  title = {Biocarburantes y desarrollo sostenible. Mitos y realidades},
  institution = {APPA, Spanish Renewable Energy Association},
  year = {2007}
}

@MISC{CEPA2013,
  author = {{California Environmental Protection Agency}},
  title = {Low Carbon Fuel Standard Program pursuant to the California Assembly
	Bill AB 32 and the Governor's Executive Order S-01-07},
  month = {February},
  year = {2013},
  institution = {CEPA},
  url = {http://www.arb.ca.gov/fuels/lcfs/lcfs.htm}
}

@MISC{CCME2007,
  author = {{Canadian Council of Ministries of the Environment}},
  title = {Canadian water quality guidelines: imidacloprid. Scientific supporting
	document},
  year = {2007},
  owner = {Emilio},
  timestamp = {2013.02.18}
}

@ARTICLE{Carroll201350,
  author = {Carroll, John and Finnan, John},
  title = {Emissions and efficiencies from the combustion of agricultural feedstock
	pellets using a small scale tilting grate boiler},
  journal = {Biosystems Engineering},
  year = {2013},
  volume = {115},
  pages = {50 -- 55},
  number = {1},
  doi = {10.1016/j.biosystemseng.2013.01.009},
  issn = {1537-5110},
  url = {http://www.sciencedirect.com/science/article/pii/S1537511013000172}
}

@MISC{Bloomberg2012,
  author = {{CEI-Bloomberg}},
  title = {Next generation biofuels and other bioproducts: opportunities for
	the countries of the central European initiative},
  year = {2012},
  institution = {CEI-Bloomberg}
}

@MISC{CENEN590,
  author = {{CEN, European Committee for Standardization}},
  title = {EN590 - Automotive fuels - Diesel - Requirements and test methods},
  year = {2009},
  institution = {CEN},
  number = {EN 590}
}

@MISC{CENEN14214,
  author = {{CEN, European Committee for Standardization}},
  title = {EN14214 - Liquid petroleum products - Fatty acid methyl esters (FAME)
	for use in diesel engines and heating applications - Requirements
	and test methods},
  year = {2008},
  institution = {CEN},
  number = {EN 14214}
}

@ARTICLE{Chen20101231,
  author = {C. Chen and G. Habert and Y. Bouzidi and A. Jullien and A. Ventura},
  title = {LCA allocation procedure used as an incitative method for waste recycling:
	an application to mineral additions in concrete},
  journal = {Resources, Conservation and Recycling },
  year = {2010},
  volume = {54},
  pages = {1231 -- 1240},
  number = {12},
  doi = {http://dx.doi.org/10.1016/j.resconrec.2010.04.001},
  issn = {0921-3449},
  keywords = {LCA},
  url = {http://www.sciencedirect.com/science/article/pii/S0921344910000935}
}

@BOOK{Cheremisinoff2003,
  title = {Handbook of solid waste management and waste minimization technologies},
  publisher = {Elsevier Science},
  year = {2003},
  author = {Cheremisinoff, Nicholas P.}
}

@ARTICLE{ChicoSantamarta20112939,
  author = {Chico-Santamarta, Leticia and Humphries, Andrea Claire and Chaney,
	Keith and White, David Richard and Magan, Naresh and Godwin, Richard
	John},
  title = {Microbial changes during the on-farm storage of canola (oilseed rape)
	straw bales and pellets},
  journal = {Biomass and Bioenergy},
  year = {2011},
  volume = {35},
  pages = {2939 -- 2949},
  number = {7},
  doi = {10.1016/j.biombioe.2011.03.025},
  issn = {0961-9534},
  url = {http://www.sciencedirect.com/science/article/pii/S0961953411001693}
}

@ARTICLE{Chiu2005,
  author = {Chiu, Chuang-Wei and Goff, Michael J. and Suppes, Galen J.},
  title = {Distribution of methanol and catalysts between biodiesel and glycerin
	phases},
  journal = {AIChE Journal},
  year = {2005},
  volume = {51},
  pages = {1274--1278},
  number = {4},
  doi = {10.1002/aic.10385},
  issn = {1547-5905},
  keywords = {transesterify, alcohol, biodiesel, distribution, catalyst, methanol,
	potassium hydroxide, sulfuric acid, VLE, Wilson activity coefficient
	model, parameter, glycerin},
  publisher = {Wiley Subscription Services, Inc., A Wiley Company},
  url = {http://dx.doi.org/10.1002/aic.10385}
}

@TECHREPORT{IPCC2011,
  author = {H. Chum and A. Faaij and J. Moreira and G. Berndes and P. Dhamija
	and H. Dong and B. Gabrielle and A. Goss Eng and W. Lucht and M.
	Mapako and O. Masera Cerutti and T. McIntyre and T. Minowa and K.
	Pingoud},
  title = {Bioenergy. In IPCC special report on renewable energy sources and
	climate change mitigation},
  institution = {IPCC},
  year = {2011},
  editors = {O. Edenhofer and R. Pichs-Madruga and Y. Sokona and K. Seyboth and
	P. Matschoss and S. Kadner and T. Zwickel and P. Eickemeierq and
	G. Hansen and S. Schl{\¨o}mer and C. von Stechow},
  url = {http://srren.ipcc-wg3.de/report/IPCC_SRREN_Ch02.pdf}
}

@MISC{CIRCE2013,
  author = {CIRCE},
  title = {The Exergoecology Portal},
  year = {2013},
  url = {http://www.exergoecology.com/}
}

@ARTICLE{ClevelandHeredeen1989,
  author = {Cleveland, C.J and Herendeen, R.A},
  title = {Solar parabolic collectors: succeeding generations are better net
	energy and exergy producers},
  journal = {Energy Systems and Policy},
  year = {1989},
  volume = {13},
  pages = {63--77}
}

@ARTICLE{Cleveland2005,
  author = {Cleveland, C. J.},
  title = {Net energy from the extraction of oil and gas in the United States},
  journal = {Energy},
  year = {2005},
  volume = {30},
  pages = {769 -- 782},
  number = {5},
  doi = {10.1016/j.energy.2004.05.023},
  issn = {0360-5442},
  url = {http://www.sciencedirect.com/science/article/pii/S0360544204002890}
}

@ARTICLE{Cleveland31081984,
  author = {Cleveland, Cutler J. and Costanza, Robert and Hall, Charles A. S.
	and Kaufmann, Robert},
  title = {Energy and the U.S. economy: a biophysical perspective},
  journal = {Science},
  year = {1984},
  volume = {225},
  pages = {890-897},
  number = {4665},
  doi = {10.1126/science.225.4665.890},
  url = {http://www.sciencemag.org/content/225/4665/890.abstract}
}

@ARTICLE{su3112307,
  author = {Cleveland, Cutler J. and O'Connor, Peter A.},
  title = {Energy Return on Investment (EROI) of oil shale},
  journal = {Sustainability},
  year = {2011},
  volume = {3},
  pages = {2307--2322},
  number = {11},
  doi = {10.3390/su3112307},
  issn = {2071-1050},
  url = {http://www.mdpi.com/2071-1050/3/11/2307}
}

@MISC{CODEX2005,
  author = {CODEX},
  title = {Standard for names vegetable oils},
  number = {CODEX STAN 210-2005},
  url = {http://www.codexalimentarius.org/}
}

@TECHREPORT{CNE2013,
  author = {{Comisión Nacional de la Energía, CNE}},
  title = {Informe anual sobre el uso de biocarburantes en España en 2011},
  institution = {CNE},
  year = {2013},
  month = {March},
  url = {http://www.cne.es/cne/doc/prensa/NP_1_3_13.pdf}
}

@ARTICLE{Coppola20091626,
  author = {F. Coppola and S. Bastianoni and H. Osterg\r{a}rd},
  title = {Sustainability of bioethanol production from wheat with recycled
	residues as evaluated by Emergy assessment},
  journal = {Biomass and Bioenergy},
  year = {2009},
  volume = {33},
  pages = {1626 -- 1642},
  number = {11},
  doi = {10.1016/j.biombioe.2009.08.003},
  issn = {0961-9534},
  keywords = {1st generation bioethanol},
  url = {http://www.sciencedirect.com/science/article/pii/S0961953409001664}
}

@PHDTHESIS{Cornelissen1997,
  author = {Cornelissen, R.L},
  title = {Thermodynamics and sustainable development; the use of exergy analysis
	and the reduction of irreversibility},
  school = {University of Twente},
  year = {1997}
}

@ARTICLE{Cornelissen-Hirs2002,
  author = {Cornelissen, R.L and Hirs, G.G},
  title = {The value of the exergetic life cycle assessment besides the LCA},
  journal = {Energy Conversion and Management},
  year = {2002},
  volume = {43},
  pages = {1417 -- 1424},
  number = {12},
  doi = {10.1016/S0196-8904(02)00025-0},
  issn = {0196-8904},
  keywords = {Exergy},
  url = {http://www.sciencedirect.com/science/article/pii/S0196890402000250}
}

@TECHREPORT{Darlington2013,
  author = {Darlington, Thomas and Kahlbaum, Dennis and O'Connor, Don and Mueller,
	Steffen},
  title = {Land use change greenhouse gas emissions of European biofuel policies
	utilizing the Global Trade Analysis Project (GTAP) Model},
  institution = {Air Improvement Resource, Inc., S\&T Consultants, University of Illinois},
  year = {2013},
  owner = {Emilio},
  timestamp = {2013.09.07}
}

@ARTICLE{Demirbas20071,
  author = {Demirbas, Ayhan},
  title = {Progress and recent trends in biofuels},
  journal = {Progress in Energy and Combustion Science},
  year = {2007},
  volume = {33},
  pages = {1 -- 18},
  number = {1},
  doi = {10.1016/j.pecs.2006.06.001},
  issn = {0360-1285},
  url = {http://www.sciencedirect.com/science/article/pii/S0360128506000256}
}

@ARTICLE{Dewulf2005,
  author = {Dewulf, J and Van Lagenhove, H and Van de Velde B},
  title = {Exergy-based efficiency and renewability assessment of biofuel production},
  journal = {Environmental Science and Technology 2005;39:3878e82},
  year = {2005},
  volume = {39},
  pages = {3878--3882},
  url = {http://pubs.acs.org/doi/abs/10.1021/es048721b}
}

@ARTICLE{DiLucia20107395,
  author = {Di Lucia, Lorenzo},
  title = {External governance and the EU policy for sustainable biofuels, the
	case of Mozambique},
  journal = {Energy Policy},
  year = {2010},
  volume = {38},
  pages = {7395 -- 7403},
  number = {11},
  doi = {10.1016/j.enpol.2010.08.015},
  issn = {0301-4215},
  keywords = {Governance},
  url = {http://www.sciencedirect.com/science/article/pii/S0301421510006294}
}

@ARTICLE{DiLucia2012,
  author = {Di Lucia, Lorenzo and Ahlgren, Serina and Ericsson, Karin},
  title = {The dilemma of indirect land-use changes in EU biofuel policy: an
	empirical study of policy-making in the context of scientific uncertainty},
  journal = {Environmental Science \& Policy},
  year = {2012},
  volume = {16},
  pages = {9 -- 19},
  doi = {10.1016/j.envsci.2011.11.004},
  issn = {1462-9011},
  keywords = {Biofuel},
  url = {http://www.sciencedirect.com/science/article/pii/S1462901111001754}
}

@BOOK{dincer2012,
  title = {Exergy: energy, environment and sustainable development},
  publisher = {Newnes},
  year = {2012},
  author = {Dincer, Ibrahim and Rosen, Marc A.},
  isbn = {9780080970905}
}

@CONFERENCE{ERRAC2013,
  author = {Josef Doppelbauer},
  title = {ERRAC. For a sustainable and efficient rail transport sector},
  booktitle = {Sustainable energy for transport with alternative fuels. EU Sustainable
	Energy Week},
  year = {2013},
  month = {June},
  url = {http://eusew.eu/upload/events/553_1207_presentation%20josef%20doppelbauer%20errac%20.pdf}
}

@TECHREPORT{Durham2012,
  author = {Durham, C. and Davies, G. and Bhattacharyya, T.},
  title = {Can biofuels policy work for food security?},
  institution = {DEFRA},
  year = {2012}
}

@MISC{EABA,
  author = {EABA},
  title = {European Algae Biofuels Association},
  key = {EABA},
  url = {http://www.eaba-association.eu/}
}

@TECHREPORT{Ecofys2012,
  author = {ECOFYS},
  title = {Renewable energy progress and biofuel sustainability},
  institution = {Report for the European Commission},
  year = {2012},
  url = {http://ec.europa.eu/energy/renewables/reports/doc/2013_renewable_energy_progress.pdf}
}

@TECHREPORT{Edwards2007,
  author = {Edwards, Sue and Asmelash, Arefayne and Araya, Hailu and Berhan Gebre
	Egziabher, Tewolde},
  title = {Impact of compost use on crop yields in Tigray, Ethiopia},
  institution = {FAO},
  year = {2007},
  month = {December},
  url = {http://betuco.be/compost/Impact%20of%20Compost%20Use%20on%20Crop%20Yields%20in%20Tigray,%20Ethiopia.pdf}
}

@BOOKLET{EFMA,
  title = {Best available techniques for pollution prevention and control in
	the European fertilizer industry, booklet No. 4 of 8: production
	of phosphoric acid},
  author = {EFMA},
  year = {2000}
}

@BOOK{ElSayed03,
  title = {The Thermoeconomic of Energy Conversion},
  publisher = {Elsevier Ltd. Oxford U.K.},
  year = {2003},
  author = {El-Sayed, Yehia},
  owner = {spsy},
  timestamp = {2006.11.22}
}

@ARTICLE{el-sayed1970,
  author = {El-Sayed, Y. M. and Evans, R. B.},
  title = {Thermoeconomics and the Design of Heat Systems},
  journal = {Journal for Engineering for Power},
  year = {1970},
  volume = {92},
  pages = {27--35},
  number = {1},
  month = jan,
  doi = {10.1115/1.3445296},
  issn = {0742-4795},
  owner = {CESAR},
  timestamp = {2013.09.19},
  url = {http://dx.doi.org/10.1115/1.3445296},
  urldate = {2013-09-19}
}

@MISC{Britannica,
  author = {{Encyclopæedia Britannica}},
  title = {Fuller's earth},
  year = {2013},
  url = {http://www.britannica.com/EBchecked/topic/221929/fullers-earth}
}

@MISC{EpisaeBook,
  author = {{Epina eBook Team}},
  title = {Sodium hydroxide},
  url = {http://www.vias.org/genchem/inorgcomp_sodiumhydroxide.html}
}

@MISC{ePURE2013a,
  author = {ePURE},
  title = {The production of renewable ethanol},
  organization = {European Renewable Ethanol Industry Association},
  url = {http://www.epure.org/product/production-renewable-ethanol}
}

@TECHREPORT{ePURE2013,
  author = {ePURE},
  title = {Double Counting, Half Measures: Study on the effectiveness of double
	counting as a support for advanced biofuels},
  institution = {European Renewable Ethanol Association},
  year = {2013}
}

@TECHREPORT{EurObservER2012,
  author = {{EurObserv'ER Project}},
  title = {Biofuels barometer},
  institution = {Supported by the Intelligent Energy -- Europe (IEE) Programme of
	the European Commission},
  year = {2012},
  url = {http://www.eurobserv-er.org/downloads.asp}
}

@MISC{BiofuelsTP,
  author = {{European Biofuels Technology Platform}},
  title = {Biofuels production. Advanced biofuels},
  url = {http://www.biofuelstp.eu/fuelproduction.html#second}
}

@MISC{COM(2007)2,
  author = {{European Commission}},
  title = {Communication from the Commission to the Council, the European Parliament,
	the European Economic and Social Committee and the Committee of the
	Regions. Limiting global climate change to 2 degrees Celsius, the
	way ahead for 2020 and beyond},
  howpublished = {COM(2007) 2 final},
  month = {January},
  url = {http://eur-lex.europa.eu/LexUriServ/LexUriServ.do?uri=COM:2007:0002:FIN:EN:HTML}
}

@MISC{EC-LCA2012,
  author = {{European Commission}},
  title = {European Platform on Life Cycle Assessment (LCA)},
  url = {http://ec.europa.eu/environment/ipp/lca.htm}
}

@MISC{COM(2013)17,
  author = {{European Commission}},
  title = {Communication from the Commission to the Council, the European Parliament,
	the European Economic and Social Committee and the Committee of the
	Regions. Clean Power for Transport: A European alternative fuels
	strategy},
  month = {January},
  year = {2013},
  url = {http://eur-lex.europa.eu/LexUriServ/LexUriServ.do?uri=COM:2013:0017:FIN:EN:PDF}
}

@MISC{COM(2013)175,
  author = {{European Commission}},
  title = {Report from the Commission to the European Parliament, the Council,
	the European Economic and Social Committee and the Committee of the
	Regions on the renewable energy progress report},
  month = {March},
  year = {2013},
  url = {http://ec.europa.eu/energy/renewables/reports/doc/com_2013_0175_res_en.pdf}
}

@MISC{COM(2013)18,
  author = {{European Commission}},
  title = {Proposal for a Directive of the European Parliament and of the Council
	on the deployment of alternative fuels infrastructure},
  month = {January},
  year = {2013},
  url = {http://eur-lex.europa.eu/LexUriServ/LexUriServ.do?uri=COM:2013:0018:FIN:EN:PDF}
}

@MISC{SWD(2013)102,
  author = {{European Commission}},
  title = {Commission Staff working Document Accompanying the Report from the
	Commission to the European Parliament and the Council on the renewable
	energy progress report},
  month = {March},
  year = {2013},
  url = {http://ec.europa.eu/energy/renewables/reports/doc/swd_2013_0102_res_en.pdf}
}

@MISC{SWD(2013)5-2,
  author = {{European Commission}},
  title = {Commission Staff working Document Impact Assessment Accompanying
	the document Proposal for a Directive on the deployment of alternative
	fuels infrastructure},
  year = {2013},
  url = {http://ec.europa.eu/transport/themes/urban/cpt/doc/swd(2013)5-2-impact-assessment-part1.pdf}
}

@MISC{COM(2012)271,
  author = {{European Commission}},
  title = {Communication from the Commission to the Council, the European Parliament,
	the European Economic and Social Committee and the Committee of the
	Regions. Renewable energy: a major player in the European energy
	market},
  howpublished = {COM(2012) 271 final},
  month = {June},
  year = {2012},
  url = {http://eur-lex.europa.eu/LexUriServ/LexUriServ.do?uri=COM:2012:0271:FIN:EN:PDF}
}

@MISC{COM(2012)595,
  author = {{European Commission}},
  title = {Proposal for a Directive of the European Parliament and of the Council
	amending Directive 98/70/EC relating to the quality of petrol and
	diesel fuels and amending Directive 2009/28/EC on the promotion of
	the use of energy from renewable sources},
  month = {October},
  year = {2012},
  url = {http://ec.europa.eu/energy/renewables/biofuels/doc/biofuels/com_2012_0595_en.pdf}
}

@TECHREPORT{DGAGRI2012,
  author = {{European Commission}},
  title = {Prospects for agricultural markets and income in the EU 2012-2020},
  institution = {European Commission, Directorate-General for Agriculture and Rural
	Development},
  year = {2012},
  month = {December},
  url = {http://ec.europa.eu/agriculture/publi/caprep/prospects2012/fullrep_en.pdf}
}

@BOOKLET{EUenergystats,
  title = {EU energy statistics in figures, statistical pocketbook 2012},
  author = {{European Commission}},
  year = {2012}
}

@MISC{SWD(2012)343,
  author = {{European Commission}},
  title = {Commission staff working document accompanying the proposal for a
	Directive of the European Parliament and of the Council amending
	Directive 98/70/EC relating to the quality of petrol and diesel fuels
	and amending Directive 2009/28/EC on the promotion of the use of
	energy from renewable sources},
  month = {October},
  year = {2012},
  url = {http://ec.europa.eu/energy/renewables/biofuels/doc/biofuels/swd_2012_0343_ia_en.pdf}
}

@MISC{COM(2010)144,
  author = {{European Commission}},
  title = {White Paper roadmap to a single European Transport Area. Towards
	a competitive and resource efficient transport system},
  month = {March},
  year = {2011},
  url = {http://eur-lex.europa.eu/LexUriServ/LexUriServ.do?uri=COM:2011:0144:FIN:EN:HTML}
}

@MISC{COM(2011)885,
  author = {{European Commission}},
  title = {Communication from the Commission to the Council, the European Parliament,
	the European Economic and Social Committee and the Committee of the
	Regions. Energy Roadmap 2050},
  month = {December},
  year = {2011},
  url = {http://eur-lex.europa.eu/LexUriServ/LexUriServ.do?uri=COM:2011:0885:FIN:EN:PDF}
}

@TECHREPORT{ExpertGroupI,
  author = {{European Commission}},
  title = {EG FTF - 1st report of the expert group: future transport fuels},
  institution = {European Commission Expert Group on Future Transport Fuels},
  year = {2011},
  month = {January},
  url = {http://ec.europa.eu/transport/themes/urban/cts/future-transport-fuels_en.htm}
}

@TECHREPORT{ExpertGroupII,
  author = {{European Commission}},
  title = {EG FTF - 2nd report of the expert group: infrastructure for alternative
	fuels},
  institution = {European Commission Expert Group on Future Transport Fuels},
  year = {2011},
  owner = {Emilio},
  timestamp = {2013.02.26},
  url = {http://ec.europa.eu/transport/themes/urban/cts/future-transport-fuels_en.htm}
}

@TECHREPORT{Flightpath2011,
  author = {{European Commission}},
  title = {Flightpath 2050. Europe's vision for aviation. Maintaining global
	leadership serving society needs},
  institution = {European Commission High Level Group on Aviation Research},
  year = {2011},
  owner = {Emilio},
  timestamp = {2013.02.26},
  url = {http://ec.europa.eu/transport/modes/air/doc/flightpath2050.pdf}
}

@MISC{SEC(2011)391,
  author = {{European Commission}},
  title = {Commission staff working document accompanying the White Paper -
	Roadmap to a single European Transport Area. Towards a competitive
	and resource efficient transport system},
  month = {March},
  year = {2011},
  url = {http://eur-lex.europa.eu/LexUriServ/LexUriServ.do?uri=SEC:2011:0391:FIN:EN:PDF}
}

@MISC{COM/160/16,
  author = {{European Commission}},
  title = {Communication from the Commission on the practical implementation
	of the EU biofuels and bioliquids sustainability scheme and on counting
	rules for biofuels},
  howpublished = {COM/160/16},
  month = {June},
  year = {2010},
  url = {http://eur-lex.europa.eu/LexUriServ/LexUriServ.do?uri=OJ:C:2010:160:0008:01:EN:HTML}
}

@MISC{COM(2010)11,
  author = {{European Commission}},
  title = {Report from the Commission to the Council and the European Parliament
	on sustainability requirements for the use of solid and gaseous biomass
	sources in electricity, heating and cooling},
  howpublished = {COM(2010) 11},
  month = {February},
  year = {2010},
  owner = {Emilio},
  timestamp = {2013.02.24},
  url = {http://eur-lex.europa.eu/LexUriServ/LexUriServ.do?uri=COM:2010:0011:FIN:EN:HTML}
}

@MISC{COM(2010)811,
  author = {{European Commission}},
  title = {Report from the Commission on indirect land-use change related to
	biofuels and bioliquids},
  howpublished = {COM(2010) 811 final},
  month = {December},
  year = {2010}
}

@MISC{COM(2003)302,
  author = {{European Commission}},
  title = {Communication from the Commission to the Council and the European
	Parliament, Integrated product policy, building on environmental
	life-cycle thinking},
  howpublished = {COM(2003) 302 final},
  month = {June},
  year = {2003},
  url = {http://eur-lex.europa.eu/LexUriServ/LexUriServ.do?uri=COM:2003:0302:FIN:en:PDF}
}

@TECHREPORT{DGCLIMA2011,
  author = {{European Commission, DG AGRI}},
  title = {Reducing emissions from transport},
  institution = {European Commission},
  year = {2011},
  month = {January},
  url = {http://ec.europa.eu/clima/policies/transport/index_en.htm}
}

@MISC{Directive2012/33/EU,
  author = {{European Union}},
  title = {Directive 2012/33/EU of the European Parliament and of the Council
	of 21 November 2012 amending Council Directive 1999/32/EC as regards
	the sulphur content of marine fuels},
  month = {November},
  year = {2012},
  url = {http://eur-lex.europa.eu/LexUriServ/LexUriServ.do?uri=OJ:L:2012:327:0001:0013:EN:PDF}
}

@MISC{Directive2009/28/EC,
  author = {{European Union}},
  title = {Directive 2009/28/EC of the European Parliament and the Council of
	23 April 2009 on the promotion of the use of energy from renewable
	sources and amending and subsequently repealing Directives 2001/77/EC
	and 2003/30/EC},
  month = {June},
  year = {2009},
  url = {http://eur-lex.europa.eu/LexUriServ/LexUriServ.do?uri=Oj:L:2009:140:0016:0062:en:PDF}
}

@MISC{Directive2009/30/EC,
  author = {{European Union}},
  title = {Directive 2009/30/EC of the European Parliament and of the Council
	of 23 April 2009 amending Directive 98/70/EC as regards the specification
	of petrol, diesel and gas-oil and introducing a mechanism to monitor
	and reduce greenhouse gas emissions and amending Council Directive
	1999/32/EC as regards the specification of fuel used by inland waterway
	vessels and repealing Directive 93/12/EEC},
  month = {June},
  year = {2009},
  url = {http://eur-lex.europa.eu/LexUriServ/LexUriServ.do?uri=OJ:L:2009:140:0088:0113:EN:PDF}
}

@MISC{Directive2008/98/EC,
  author = {{European Union}},
  title = {Directive 2008/98/EC of the European Parliament and of the Council
	of 19 November 2008 on waste and repealing certain Directives},
  month = {November},
  year = {2008},
  url = {http://eur-lex.europa.eu/LexUriServ/LexUriServ.do?uri=OJ:L:2008:312:0003:0030:en:PDF}
}

@MISC{Directive2003/30/EC,
  author = {{European Union}},
  title = {Directive 2003/30/EC of the European Parliament and of the Council
	of 8 May 2003 on the promotion of the use of biofuels or other renewable
	fuels for transport},
  month = {May},
  year = {2003},
  url = {http://eur-lex.europa.eu/LexUriServ/LexUriServ.do?uri=OJ:L:2003:123:0042:0042:EN:PDF}
}

@MISC{Eurostat2013,
  author = {Eurostat},
  title = {Energy consumption, EU27 energy dependence rate at 54% in 2011},
  howpublished = {News release},
  month = {February},
  year = {2013},
  url = {http://epp.eurostat.ec.europa.eu/cache/ITY_PUBLIC/8-13022013-BP/EN/8-13022013-BP-EN.PDF}
}

@ARTICLE{Ezieshi2008,
  author = {Ezieshi, E.V and Olomu J.M},
  title = {Biochemical evaluation of millet offal as feeds for broiler chickens},
  journal = {Pakistan Journal of Nutrition},
  year = {2008},
  volume = {7},
  pages = {421--425},
  owner = {Emilio},
  timestamp = {2013.02.25},
  url = {http://www.pjbs.org/pjnonline/ab702.htm}
}

@ARTICLE{Faaij2006,
  author = {Andre Faaij},
  title = {Modern biomass conversion technologies},
  journal = {Mitigation and adaptation strategies for global change},
  year = {2006},
  volume = {11},
  pages = {343--375},
  url = {http://igitur-archive.library.uu.nl/chem/2007-0621-201531/NWS-E-2006-109.pdf}
}

@TECHREPORT{FAO2012,
  author = {FAO},
  title = {Impacts of bioenergy on food security. Guidance for assessment and
	response at national and project levels},
  institution = {FAO},
  year = {2012},
  type = {Environment and Natural Resources Working paper},
  number = {52}
}

@MISC{FEDIOL,
  author = {FEDIOL},
  title = {The EU Vegetable Oil and Proteinmeal Industry},
  url = {http://www.fediol.eu/}
}

@MISC{Fediol2013,
  author = {FEDIOL},
  title = {Vegetable oils production, import, exports and consumption 2011 annual
	statistics, rev. Feb 2013},
  month = {February},
  year = {2013},
  url = {http://www.fediol.eu/data/1362407733Stat%20oils%202011rev%20feb2013.pdf}
}

@MISC{Fertgas,
  author = {FERTGAS},
  title = {Urea},
  url = {http://www.fertgas.at/en/urea}
}

@TECHREPORT{Finnan20101,
  author = {Finnan, John},
  title = {Feasibility of production and combustion of pellets from straw and
	energy crops},
  institution = {Irish Agriculture and Food Development Authority},
  year = {2010},
  url = {http://www.teagasc.ie/publications/2009/1320/Pelleting_5613.pdf}
}

@PHDTHESIS{FontdemoraThesis2013,
  author = {Font de Mora, E},
  title = {Application of Thermoeconomics to Assess and Improve the Efficiency
	of Bioenergy Production Plants and Land-to-Tank Cycles},
  school = {Universidad de zaragoza},
  year = {2013},
  month = {July},
  owner = {es17155931r},
  timestamp = {2015.02.22}
}

@ARTICLE{FontdeMora2012,
  author = {Font de Mora, Emilio and Torres, Cesar and Valero, Antonio},
  title = {Assessment of biodiesel energy sustainability using the exergy return
	on investment concept},
  journal = {Energy},
  year = {2012},
  volume = {45},
  pages = {474 -- 480},
  number = {1},
  doi = {10.1016/j.energy.2012.02.072},
  issn = {0360-5442},
  keywords = {Biodiesel},
  owner = {Emilio},
  url = {http://www.sciencedirect.com/science/article/pii/S0360544212001867}
}

@INPROCEEDINGS{FontdeMora2012b,
  author = {Font de Mora, Emilio and Torres, Cesar and Valero, Antonio and Zambrana,
	David},
  title = {Defossilisation assessment of biodiesel life cycle production using
	the ExROI indicator},
  booktitle = {Proceedings of ECOS 2012. The 25th International Conference on Efficiency,
	Cost, Optimization, Simulation and Environmental Impact of Energy
	Systems (June 26-29, 2012, Perugia, Italy)},
  year = {2012},
  pages = {240--249},
  url = {http://www.scopus.com/scopus/inward/record.url?eid=2-s2.0-0031388275&partnerID=40&rel=R6.5.0}
}

@ARTICLE{FontdeMoraEEI2012,
  author = {Font de Mora, Emilio and Vivarelli, Silvia and Dubolino, Dario},
  title = {Bioenergy Markets in the EU - How Intelligent Energy-Europe is Contributing},
  journal = {European Energy Innovation},
  year = {2012},
  volume = {Summer 2012},
  pages = {12--13},
  url = {http://www.europeanenergyinnovation.eu/Articles/Autumn2012/BioenergyMarketsintheEU.aspx}
}

@ARTICLE{Frangopoulos1987,
  author = {Frangopoulos, C.A.},
  title = {Thermo-economic functional analysis and optimization},
  journal = {Energy},
  year = {1987},
  volume = {12},
  pages = {563--571},
  number = {7}
}

@ARTICLE{frangopoulos1997,
  author = {Frangopoulos, Christos A. and Caralis, Yannis C.},
  title = {A method for taking into account environmental impacts in the economic
	evaluation of energy systems},
  journal = {Efficiency, Cost, Optimization, Simulation and Environmental Aspects
	of Energy Systems},
  year = {1997},
  volume = {38},
  pages = {1751--1763},
  number = {15--17},
  month = oct
}

@ARTICLE{Freedman1984,
  author = {Freedman, B. and Pryde, E.H. and Mounts, T.L.},
  title = {Variables affecting the yields of fatty esters from transesterified
	vegetable oils},
  journal = {Journal of the American Oil Chemists Society},
  year = {1984},
  volume = {61},
  pages = {1638--1643},
  doi = {10.1007/BF02541649},
  issn = {0003-021X},
  issue = {10},
  owner = {Emilio},
  publisher = {Springer-Verlag},
  url = {http://dx.doi.org/10.1007/BF02541649}
}

@INPROCEEDINGS{Gaggioli1987,
  author = {Gaggioli, Richard A. and El-Sayed, Yehia M.},
  title = {A Critical Review of Second Law Costing Methods},
  booktitle = {Proceedings of the IV Internatonal Symposium on Second Law Analysis
	of thermal Systems},
  year = {1987},
  pages = {59-73},
  organization = {ASME}
}

@ARTICLE{Gaggioli1980,
  author = {Gaggioli, R.A. and Wepfer, W.J.},
  title = {Exergy economics - I. Cost accounting applications},
  journal = {Energy},
  year = {1980},
  volume = {5},
  pages = {823--837},
  number = {8},
  owner = {CESAR},
  timestamp = {2007.10.02},
  url = {http://www.sciencedirect.com/science?_ob=GatewayURL&_origin=ScienceSearch&_method=citationSearch&_piikey=0360544280900997&_version=1&_returnURL=&md5=70ab8a252c23162f6326a9913fe282cb}
}

@CONFERENCE{EBB2012,
  author = {Raffaello Garofalo},
  title = {Incentives to promote the use of biofuels, EBB perspectives},
  booktitle = {Incentives for Biofuels in Aviation, Biofuels FlightPath Workshop,
	June 20th 2012},
  year = {2012}
}

@TECHREPORT{IFEU2003,
  author = {Gartner, Sven O and Reinhard, Guido A},
  title = {Life cycle assessment of biodiesel: update and new aspects},
  institution = {IFEU, Institute for Energy and Environmental Research Heidelberg},
  year = {2003},
  month = {May},
  url = {http://www.co2star.eu/publications/ifeu_berichte/Biodiesel-engl-IFEU.pdf}
}

@CONFERENCE{Gateau2006,
  author = {Gateau, P},
  title = {Twelve years of using 50\% RME fuel mixture in heavy trucks and light
	vehicles},
  booktitle = {AEA 2006 Poitiers, Futuroscope, European Conference Alternative Energies
	for Automotive Industry},
  year = {2006},
  month = {April}
}

@ARTICLE{Georgescu1986,
  author = {Georgescu-Roegen, Nicholas},
  title = {The Entropy Law and the economic process in retrospect},
  journal = {Eastern Economic Journal},
  year = {1986},
  volume = {12},
  pages = {3--25},
  url = {http://www.jstor.org/stable/40357380}
}

@CONFERENCE{TOTAL2013,
  author = {Marc Gillmann},
  title = {Advanced biofuels in the energy mix and their industralisation in
	Europe},
  booktitle = {AEBIOM European Bioenergy Conference 2013},
  year = {2013},
  month = {June}
}

@TECHREPORT{GBEP2011,
  author = {{Global BioEnergy Partnership}},
  title = {The Global Bioenergy Partnership sustainability indicators for bioenergy},
  institution = {GBEP},
  year = {2011},
  url = {http://www.globalbioenergy.org/programmeofwork/task-force-on-sustainability/gbep-report-on-sustainability-indicators-for-bioenergy/en/}
}

@TECHREPORT{Goedkoop2008,
  author = {Goedkoop, M and De Schryver, A and Oele, M},
  title = {Introduction to LCA with SimaPro 7},
  institution = {PR\'{e} Consultants},
  year = {2008},
  timestamp = {2010.10.28}
}

@TECHREPORT{FAOFOOD2011,
  author = {Gustavsson, Jenny and Cederberg, Christel and van Otterdijk, Robert
	and Meybeck, Alexandre},
  title = {Global food losses and food waste. Extent, causes and prevention},
  institution = {FAO},
  year = {2011},
  url = {http://www.fao.org/docrep/014/mb060e/mb060e00.pdf}
}

@TECHREPORT{Helaine2013,
  author = {Sophie Hélaine and Robert M'barek and Hubertus Gay},
  title = {Impacts of the EU biofuel policy on agricultural markets and land
	use. Modelling assessment with AGLINK-COSIMO (2012 version)},
  institution = {JRC, Institute for Prospective Technological Studies},
  year = {2012},
  owner = {Emilio},
  timestamp = {2013.09.17}
}

@ARTICLE{Hall2009,
  author = {Hall, Charles A. S. and Balogh, Stephen and Murphy, David J.R.},
  title = {What is the minimum EROI that a sustainable society must have?},
  journal = {Energies},
  year = {2009},
  volume = {2},
  pages = {25--47},
  number = {1},
  doi = {10.3390/en20100025},
  issn = {1996-1073},
  url = {http://www.mdpi.com/1996-1073/2/1/25}
}

@CONFERENCE{Hamelinck2013,
  author = {Hamelinck, Carlo},
  title = {Calculating greenhouse gas savings from biofuels},
  booktitle = {European Sustainable Biofuels Forum (ESBF), Stakeholders Committee
	Meeting},
  year = {2013},
  month = {June},
  owner = {Emilio},
  timestamp = {2013.07.07}
}

@TECHREPORT{Hamelinck20132,
  author = {Carlo Hamelinck},
  title = {Biofuels and food security. Risks and opportunities},
  institution = {Ecofys by order of ePURE},
  year = {2013},
  owner = {Emilio},
  timestamp = {2013.09.17},
  url = {http://www.ecofys.com/files/files/ecofys-2013-biofuels-and-food-security.pdf}
}

@TECHREPORT{BIOScopes2007,
  author = {Hamelinck, Carlo and Schober, Sigurd and Mittelbach, Martin and Verolet,
	Julien and Dehue, Bart},
  title = {BIOScopes. Fatty acid ethyl esters},
  institution = {BIOScopes: Biodiesel Improvement On Standards, Coordination of Producers
	and Ethanol Studies},
  year = {2007},
  note = {Project supported by the European Commission}
}

@ARTICLE{Hardy201238,
  author = {Hardy, Tomasz and Musialik-Piotrowska, Anna and Coilek, Joanna and
	Moscicki, Krysztof and Kordylewski, Wlodzimierz},
  title = {Negative effects of biomass combustion and co-combustion in boilers},
  journal = {Environment Protection Engineering},
  year = {2012},
  volume = {38},
  pages = {25 -- 33},
  url = {http://epe.pwr.wroc.pl/2012/1_2012/03hardy.pdf}
}

@ARTICLE{Hau2004,
  author = {Hau, J.L and Bakshi, B.R},
  title = {Expanding exergy analysis to account for ecosystem products and services},
  journal = {Environmental Science and Technology},
  year = {2004},
  volume = {38},
  pages = {3768--3777}
}

@TECHREPORT{Hill2012,
  author = {Hill, Nikolas and Brannigan, Charlotte and Smokers, Richard and Schroten,
	Arno and van Essen, Huib and Skinner, Ian},
  title = {Developing a better understanding of the secondary impacts and key
	sensitivities for the decarbonisation of the EU's transport sector
	by 2050. Final project},
  institution = {European Commission Directorate-General Climate Action and AEA Technology
	plc},
  year = {2012},
  url = {www.eutransportghg2050.eu}
}

@ARTICLE{Hovelius1999,
  author = {Hovelius, Karolina and Hansson, Per-Anders},
  title = {Energy and exergy analysis of rape seed oil methyl ester (RME) production
	under Swedish conditions},
  journal = {Biomass and Bioenergy},
  year = {1999},
  volume = {17},
  pages = {279 -- 290},
  number = {4},
  doi = {10.1016/S0961-9534(99)00047-1},
  issn = {0961-9534},
  keywords = {Energy analysis},
  url = {http://www.sciencedirect.com/science/article/pii/S0961953499000471}
}

@MISC{IDAEPER,
  author = {IDAE},
  title = {Plan de Energ\'ias Renovables (PER) 2011-2020},
  month = {November},
  year = {2011},
  url = {http://www.idae.es/index.php/mod.documentos/mem.descarga?file=/documentos_11227_PER_2011-2020_def_93c624ab.pdf}
}

@TECHREPORT{IEA2013,
  author = {IEA},
  title = {Tracking Clean energy Progress 2013. IEA input to the Clean Energy
	Ministerial},
  institution = {OECD/IEA},
  year = {2013},
  url = {http://iea.org/etp/tracking/}
}

@TECHREPORT{IEA2013b,
  author = {IEA},
  title = {Medium-term renewable energy market report 2013},
  institution = {OECD/IEA},
  year = {2013}
}

@TECHREPORT{IEA20122,
  author = {IEA},
  title = {CO2 emissions from fuel combustion. Highlights},
  institution = {OECD/IEA},
  year = {2012},
  url = {http://www.iea.org/publications/freepublications/publication/CO2emissionfromfuelcombustionHIGHLIGHTS.pdf}
}

@TECHREPORT{IEA2011,
  author = {IEA},
  title = {Renewable energy: markets and prospects by technology},
  institution = {OECD/IEA},
  year = {2011},
  url = {http://www.iea.org/publications/freepublications/publication/name,20554,en.html}
}

@TECHREPORT{IEAIETS2010,
  author = {IEA},
  title = {Industrial excess heat recovery technologies and applications, draft
	annex},
  institution = {International Energy Agency, Industrial Energy-related Technologies
	and Systems (IETS)},
  year = {2010},
  month = {October},
  url = {http://www.iea-iets.org/oslo/iea-iets.nsf/Attachments/47DF4BDBEA3A3AB5C12577DC0034B388/$FILE/Draft+Annex_ExcessHeatRecovery_oct+26.pdf}
}

@TECHREPORT{IEA2006,
  author = {IEA},
  title = {Energy Technology Perspectives: scenarios and strategies to 2050},
  institution = {OCDE/IEA},
  year = {2006}
}

@MISC{Ipi,
  author = {{International Potash Institute}},
  title = {Optimizing crop nutrition, potassium in soil, plant and agro ecosystem},
  institution = {IPI},
  organization = {IPI},
  url = {http://www.ipipotash.org/en/}
}

@MISC{Iowa,
  author = {{Iowa Soybean Association}},
  title = {Comparative composition of various oilseed meals},
  url = {http://www.soymeal.org/table1.html}
}

@MISC{Isquisa,
  author = {ISQUISA},
  title = {Cloruro de potasio. Ficha técnica},
  url = {http://www.isquisa.com/site/files/productos/Cloruro_de_Potasio.pdf}
}

@TECHREPORT{OILECO2013,
  author = {Zsolt Istv\'an},
  title = {Analyses of the state of the art, main barriers and market potential
	of UCOs},
  institution = {Project OILECO, supported by the Intelligent Energy -- Europe (IEE)
	Programme of the European Commision},
  year = {2011}
}

@ARTICLE{Jankowski20081487,
  author = {Matthew D. Jankowski and Christopher S. Henry and Linda J. Broadbelt
	and Vassily Hatzimanikatis},
  title = {Group contribution method for thermodynamic analysis of complex metabolic
	networks},
  journal = {Biophysical Journal},
  year = {2008},
  volume = {95},
  pages = {1487 -- 1499},
  number = {3},
  doi = {10.1529/biophysj.107.124784},
  issn = {0006-3495},
  url = {http://www.sciencedirect.com/science/article/pii/S0006349508702157}
}

@TECHREPORT{JEC2011,
  author = {{JEC - Joint Research Centre-EUCAR-CONCAWE}},
  title = {Well-to-Wheels analysis of future automotive fuels and powertrains
	in the European context},
  institution = {DG JRC, European Commission},
  year = {2011}
}

@TECHREPORT{CIFOR2012,
  author = {Johnson, F. X and Pacini, H and Smeets, E},
  title = {Transformations in EU biofuels markets under the Renewable Energy
	Directive and the implications for land use, trade and forests. Occasional
	Paper 78},
  institution = {Center for International Forestry Research},
  year = {2012},
  url = {http://www.cifor.org/online-library/browse/view-publication/publication/3775.html}
}

@ARTICLE{Kallivroussis2002347,
  author = {Kallivroussis, L and Natsis, A and Papadakis, G},
  title = {Rural development: the energy balance of sunflower production for
	biodiesel in Greece},
  journal = {Biosystems Engineering},
  year = {2002},
  volume = {81},
  pages = {347 -- 354},
  number = {3},
  doi = {10.1006/bioe.2001.0021},
  issn = {1537-5110},
  url = {http://www.sciencedirect.com/science/article/pii/S1537511001900212}
}

@TECHREPORT{keepontrack2013,
  author = {{Keep on Track! Project}},
  title = {EU Tracking Roadmap 2013},
  institution = {Project supported by the Intelligent Energy -- Europe (IEE) of the
	European Commission},
  year = {2013}
}

@BOOK{Knothe2005,
  title = {The biodiesel handbook},
  publisher = {Amer Oil Chemists Society},
  year = {2005},
  author = {Knothe, Gerhard and Krahl, Jürgen and Van Gerpen, Jon}
}

@ARTICLE{Koltun2010,
  author = {Koltun, P},
  title = {Materials and sustainable development},
  journal = {Progress in Natural Science: Materials International},
  year = {2010},
  volume = {20},
  pages = {16 -- 29},
  doi = {10.1016/S1002-0071(12)60002-1},
  issn = {1002-0071},
  keywords = {sustainability measurement},
  url = {http://www.sciencedirect.com/science/article/pii/S1002007112600021}
}

@BOOK{Kotas1995,
  title = {The exergy method of thermal plant analysis},
  publisher = {Krieger Publishing Company},
  year = {1995},
  author = {Kotas, T. J.},
  address = {Malabar, Florida},
  endnotereftype = {Book}
}

@TECHREPORT{Kristofel2011,
  author = {Kristöfel, Christa and Wopienka, Elisabeth},
  title = {Biomass report},
  institution = {MixBioPells project, supported by the Intelligent Energy -- Europe
	(IEE) Programme of the European Commission},
  year = {2011},
  url = {http://www.mixbiopells.eu/fileadmin/user_upload/WP2/D2_3_biomass_report_enhanced_final_2.pdf}
}

@TECHREPORT{IFPRI2011,
  author = {David Laborde},
  title = {Assessing the land use change consequences of European biofuel policies.
	Final report},
  institution = {IFPRI},
  year = {2011},
  month = {October},
  url = {http://trade.ec.europa.eu/doclib/docs/2011/october/tradoc_148289.pdf}
}

@CONFERENCE{Lahl2013,
  author = {Lahl, Uwe},
  title = {Life cycle analysis and scientific challenges: is science mature
	enough to quantify ILUC?},
  booktitle = {European Sustainable Biofuels Forum (ESBF), Stakeholders Committee
	Meeting},
  year = {2013},
  month = {June}
}

@TECHREPORT{Lang2012,
  author = {Lang, Kerryn},
  title = {Policy brief. Should we be concerned about competition between food
	and fuel?},
  institution = {International Institute for Sustainable Development},
  year = {2012},
  month = {April},
  owner = {Emilio},
  timestamp = {2013.02.28},
  url = {www.iisd.org/gsi}
}

@ARTICLE{Lapuerta2009,
  author = {Lapuerta, M and Rodríguez-Fernández, J and Font de Mora, E},
  title = {Correlation for the estimation of the cetane number of biodiesel
	fuels and implications on the iodine number},
  journal = {Energy Policy},
  year = {2009},
  volume = {37},
  pages = {4337 -- 4344},
  number = {11},
  doi = {10.1016/j.enpol.2009.05.049},
  issn = {0301-4215},
  keywords = {Biodiesel},
  url = {http://www.sciencedirect.com/science/article/pii/S0301421509003930}
}

@ARTICLE{Lazzaretto2006b,
  author = {Lazzaretto, A. and Tsatsaronis, G.},
  title = {SPECO: A systematic and general methodology for calculating efficiencies
	and costs in thermal systems},
  journal = {Energy},
  year = {2006},
  volume = {31},
  pages = {1257--1289},
  number = {8},
  owner = {CESAR},
  timestamp = {2007.10.03},
  url = {http://www.sciencedirect.com/science?_ob=GatewayURL&_origin=ScienceSearch&_method=citationSearch&_piikey=S0360544205000630&_version=1&_returnURL=&md5=4ef3e7ac682652d84e122a35f9f24cbe}
}

@TECHREPORT{CIEMAT2005,
  author = {Lechon, Yolanda and Cabal, Helena and De la Rua, Cristina and Lago,
	Carmen and Izquierdo, Lucila and Saez, Rosa Maria and Fdez. San Miguel,
	Montserrat},
  title = {An\'alisis de ciclo de vida de combustibles alternativos para el
	transporte. Fase I. An\'alisis de ciclo de vida comparativo del biodiesel
	de cereales y de la gasolina},
  institution = {CIEMAT. Ministerio de Educaci\'on y Ciencia y Ministerio de Medio
	Ambiente},
  year = {2005}
}

@TECHREPORT{LifeECOBUS,
  author = {{LIFE Programme}},
  title = {Ecobus - Collecting used cooking oils to their recycling as biofuel
	for diesel engines},
  institution = {European Commission},
  year = {2012},
  url = {http://ec.europa.eu/environment/life/project/Projects/index.cfm}
}

@TECHREPORT{COWI2009,
  author = {Londo, Marc},
  title = {Technical assistance for an evaluation of international schemes to
	promote biomass sustainability},
  institution = {COWI Consortium: ECN, Copernicus Institute, University of Copenhagen,
	COWI A/S, ControlUnion Certifications},
  year = {2009}
}

@TECHREPORT{Lonza2011,
  author = {Lonza, L and Reid, A and Rose, K.D and Hass, H and Maas, H},
  title = {EU renewable energy targets in 2020: Analysis of scenarios for transport},
  institution = {JEC Biofuels Programme (JRC, EUCAR, CONCAWE)},
  year = {2011}
}

@UNPUBLISHED{LozanoValero,
  author = {Lozano, M.A and Valero, A},
  title = {Methodology for calculating exergy in chemical process},
  note = {University of Zaragoza}
}

@ARTICLE{Lozano1993,
  author = {Lozano, M.A and Valero, A.},
  title = {Theory of the exergetic cost},
  journal = {Energy},
  year = {1993},
  volume = {18},
  pages = {939 -- 960},
  number = {9},
  doi = {10.1016/0360-5442(93)90006-Y},
  issn = {0360-5442},
  url = {http://www.sciencedirect.com/science/article/pii/036054429390006Y}
}

@INCOLLECTION{LozanoValero1986,
  author = {Lozano, M.A and Valero, A.},
  title = {Determinación de la exergía para sustancias de interés industrial},
  booktitle = {Ingeniería Química},
  publisher = {Universidad de Zaragoza},
  year = {1986},
  owner = {Emilio},
  timestamp = {2013.02.24}
}

@CONFERENCE{WWF2013,
  author = {Imke Luebbeke},
  title = {WWF's view on advanced biofuels in their 100 {\%} renewable energy
	vision},
  booktitle = {AEBIOM European Bioenergy Conference 2013},
  year = {2013},
  month = {June},
  organization = {AEBIOM}
}

@CONFERENCE{Marelli2011,
  author = {Marelli, Luisa and Edwards, Robert},
  title = {Life cycle GHG emissions in the EU biofuels legislation},
  booktitle = {Workshop on GHG life cycle analysis},
  year = {2011},
  month = {November},
  organization = {European Commission - DG Joint research Centre (JRC), Institute for
	Energy and Transport},
  url = {http://www.globalbioenergy.org/fileadmin/user_upload/gbep/docs/2011_events/Workshop_on_GHG_LCA_Tokyo_15Nov2011/9._Edwards_Marelli.pdf}
}

@BOOKLET{Martens2011,
  title = {Pure plant oil as fuel. Technical aspects and legislative context},
  author = {Martens, Reent and Antonini, Eliseo},
  month = {October},
  year = {2011},
  note = {Project Agriforenergy II, supported by the Intelligent Energy --
	Europe Programme (IEE) of the European Commission}
}

@ARTICLE{Martin20111747,
  author = {Martin, Michael and Eklund, Mats},
  title = {Improving the environmental performance of biofuels with industrial
	symbiosis},
  journal = {Biomass and Bioenergy},
  year = {2011},
  volume = {35},
  pages = {1747 -- 1755},
  number = {5},
  doi = {10.1016/j.biombioe.2011.01.016},
  issn = {0961-9534},
  keywords = {Industrial symbiosis},
  url = {http://www.sciencedirect.com/science/article/pii/S0961953411000171}
}

@ARTICLE{McNeil2012180,
  author = {McNeil, John and Day, Paul and Sirovski, Felix},
  title = {Glycerine from biodiesel: the perfect diesel fuel},
  journal = {Process Safety and Environmental Protection},
  year = {2012},
  volume = {90},
  pages = {180 -- 188},
  number = {3},
  doi = {10.1016/j.psep.2011.09.006},
  issn = {0957-5820},
  keywords = {Glycerine},
  url = {http://www.sciencedirect.com/science/article/pii/S0957582011001017}
}

@ARTICLE{meyer2009,
  author = {Meyer, Lutz and Tsatsaronis, George and Buchgeister, Jens and Schebek,
	Liselotte},
  title = {Exergoenvironmental analysis for evaluation of the environmental
	impact of energy conversion systems},
  journal = {Energy},
  year = {2009},
  volume = {34},
  pages = {75--89},
  number = {1},
  month = jan,
  doi = {10.1016/j.energy.2008.07.018},
  issn = {0360-5442},
  keywords = {Environmental impact, Exergoeconomic analysis, Exergoenvironmental
	analysis, Life cycle assessment},
  owner = {CESAR},
  timestamp = {2013.09.19},
  url = {http://www.sciencedirect.com/science/article/pii/S0360544208001837}
}

@BOOK{Mido1995,
  title = {Chemistry for agriculture and ecology},
  publisher = {Discovery Publishing House},
  year = {1995},
  author = {Mido, Y. and Satake, M.}
}

@ARTICLE{Mika201264,
  author = {Mika, M and Volakova, P and Verner, V and Jankovsky, O and Klapste,
	B},
  title = {New straw combustion technology for cleaner energy},
  journal = {World Academy of Science, Engineering and Technology},
  year = {2012},
  volume = {64},
  pages = {929 -- 932},
  url = {http://www.waset.org/journals/waset/v64/v64-177.pdf}
}

@BOOK{Miller2009,
  title = {Input-Output Analysis: Foundations and Extensions},
  publisher = {Cambridge University Press},
  year = {2009},
  author = {Miller, Ronald E. and Blair, Peter D.}
}

@CONFERENCE{Mittelbach2013,
  author = {Mittelbach, Martin},
  title = {Advanced biofuels. Definition, technical and non-technical barriers},
  booktitle = {European Sustainable Biofuels Forum (ESBF), Stakeholders Committee
	Meeting},
  year = {2013},
  month = {June}
}

@BOOK{Mittelbach2004,
  title = {Biodiesel: the comprehensive handbook},
  publisher = {Boersedruck Ges.m.b.H},
  year = {2004},
  author = {Mittelbach, M and Remschmidt, C}
}

@TECHREPORT{WEF2012,
  author = {Moavenzadeh, John and Chiesa, Thea and Ammirati, Stefano and Doherty,
	Sean and Lanitis, Johanna and Sayler,Philipp and Bernard, Maxime
	and Aase, Guttorm},
  title = {Sustainable transportation ecosystem. Addressing sustainability from
	an integrated systems perspective},
  institution = {World Economic Forum},
  year = {2012},
  month = {April},
  url = {http://www.weforum.org/reports}
}

@ARTICLE{Mondala20091203,
  author = {Andro Mondala and Kaiwen Liang and Hossein Toghiani and Rafael Hernandez
	and Todd French},
  title = {Biodiesel production by in situ transesterification of municipal
	primary and secondary sludges },
  journal = {Bioresource Technology},
  year = {2009},
  volume = {100},
  pages = {1203 -- 1210},
  number = {3},
  doi = {http://dx.doi.org/10.1016/j.biortech.2008.08.020},
  issn = {0960-8524},
  url = {http://www.sciencedirect.com/science/article/pii/S0960852408007207}
}

@TECHREPORT{Moniz2010,
  author = {Moniz, Ernest J and Jacoby, Henry D and Meggs, Anthony J. M},
  title = {The Future of natural gas. An interdisciplinary MIT study},
  institution = {MIT Massachusetts Institute of Technology},
  year = {2010}
}

@ARTICLE{FontdeMora2013,
  author = {Font de Mora, Emilio  and Torres, César and Valero, Antonio and Zambrana, David},
  title = {Defossilisation assessment of biodiesel life cycle production using the ExROI indicator},
  journal = {International Journal of Thermodynamics},
  year = {2013},
  volume = {16},
  number = {2},
  keywords = {Biodiesel; defossilisation; exergy cost; ExROI}
}

@BOOK{Moran2003,
  title = {Fundamentals of Engineering Thermodynamic},
  publisher = {Wiley and Sons. New York.},
  year = {2003},
  author = {M. Moran and H. N. Shapiro},
  series = {2nd Edition}
}

@ARTICLE{Morris1986,
  author = {D. R. Morris and J. Szargut},
  title = {Standard chemical exergy of some elements and compounds on the Earth
	planet},
  journal = {Energy},
  year = {1986},
  volume = {11},
  pages = {733--755},
  editor = {Elsevier}
}

@ARTICLE{su3101888,
  author = {Murphy, David J. and Hall, Charles A.S. and Dale, Michael and Cleveland,
	Cutler},
  title = {Order from chaos: a preliminary protocol for determining the EROI
	of fuels},
  journal = {Sustainability},
  year = {2011},
  volume = {3},
  pages = {1888--1907},
  number = {10},
  doi = {10.3390/su3101888},
  issn = {2071-1050},
  url = {http://www.mdpi.com/2071-1050/3/10/1888}
}

@CONFERENCE{EMSA2013,
  author = {Markku Mylly},
  title = {Sustainable energy for transport with alternative fuels. A maritime
	transport perspective},
  booktitle = {Sustainable energy for transport with alternative fuels. EU Sustainable
	Energy Week},
  year = {2013},
  month = {June},
  url = {http://eusew.eu/upload/events/553_1207_presentation%20markku%20mylly%20emsa.pdf}
}

@ARTICLE{Navia2012,
  author = {Navia, Rodrigo and Mittelbach, Martin},
  title = {Could sewage sludge be considered a source of waste lipids for biodiesel
	production?},
  journal = {Waste Management and Research},
  year = {2012},
  volume = {30(9)},
  pages = {873--874},
  url = {http://wmr.sagepub.com/content/30/9/873.full.pdf+html?rss=1}
}

@MASTERSTHESIS{Nisworo2005,
  author = {Nisworo, Adrian P.},
  title = {Biodiesel by supercritical transesterification: process design and
	economic feasibility},
  school = {Department of Chemical Engineering and Chemistry, Eindhoven University
	of Technology (Technische Universiteit Eindhoven)},
  year = {2005},
  url = {http://alexandria.tue.nl/repository/books/629823.pdf}
}

@MISC{NSWHSConline,
  author = {{NSW HSC, online}},
  title = {Industrial chemistry: Solvay process},
  institution = {Charles Sturt University, New South Wales Department of Education
	and Communities},
  url = {http://hsc.csu.edu.au/chemistry/options/industrial/2765/Ch956.htm}
}

@TECHREPORT{OConnor2011,
  author = {O'Connor, Don},
  title = {Biodiesel GHG emissions, past, present and future},
  institution = {IEA Bioenergy Task 39},
  year = {2011},
  url = {http://www.task39.org/LinkClick.aspx?fileticket=E5r1rznoEzU%3D&tabid=4348}
}

@BOOK{Odum1996,
  title = {Environmental accounting: emergy and environmental decision making},
  publisher = {Wiley},
  year = {1996},
  author = {Odum, Howard T.},
  isbn = {9780471114420}
}

@ARTICLE{Olkiewicz2012634,
  author = {M. Olkiewicz and A. Fortuny and F. Staber and A. Fabregat and J.
	Font and Ch. Bengoa},
  title = {Evaluation of different sludges from {WWTP} as a potential source
	for biodiesel production},
  journal = {Procedia Engineering},
  year = {2012},
  volume = {42},
  pages = {634 -- 643},
  doi = {http://dx.doi.org/10.1016/j.proeng.2012.07.456},
  issn = {1877-7058},
  url = {http://www.sciencedirect.com/science/article/pii/S1877705812028561}
}

@INPROCEEDINGS{RecOil2013,
  author = {Paraiba, O. and Tsoutsos, T.D. and Tournaki, S. and Antunes, D. and
	Lino, J. and Manning, E.},
  title = {Strategies for the optimization of the domestic used cooking oil
	to biodiesel chain. The European project RecOil},
  booktitle = {Proceedings of the 20th European Biomass Conference and Exhibition},
  year = {2012},
  note = {Project RecOil, supported by the Intelligent Energy -- Europe Programme
	(IEE) of the European Commission}
}

@TECHREPORT{IPCC2007I,
  author = {Parry, M.L and Canziani, O.F and Palutikof, J.P and van der Linden,
	P.J and Hanson, C.E},
  title = {IPCC Fourth Assessment Report, Climate Change 2007: Impacts, adaptation
	and vulnerability, contribution of Working Group II to the Fourth
	Assessment Report of the Intergovernmental Panel on Climate Change},
  institution = {IPCC},
  year = {2007},
  url = {http://www.ipcc.ch/publications_and_data/publications_ipcc_fourth_assessment_report_wg2_report_impacts_adaptation_and_vulnerability.htm}
}

@TECHREPORT{Paulin2008,
  author = {Paulin, Bob and O'Malley, Peter},
  title = {Compost production and use in horticulture},
  institution = {Western Australian Agriculture Authority},
  year = {2008},
  url = {http://www.agric.wa.gov.au/objtwr/imported_assets/content/hort/compost_bulletin08.pdf}
}

@TECHREPORT{Peters2012,
  author = {Peters, Daan and van den Bos, Arno and van de Staaij, Jasper},
  title = {Assessing grandfathering options under an EU ILUC policy},
  institution = {ECOFYS},
  year = {2012}
}

@MISC{EuropeanBiofuels2011,
  author = {European Biofuels Technology Platform},
  title = {Policy Toolkit to Improve the Support Mechanism for Advanced Biofuels},
  year = {2011},
  owner = {es17155931r},
  timestamp = {2015.02.22}
}

@ARTICLE{Pleanjai2007,
  author = {Pleanjai, S. and Gheewala, S.H. and Garivait, S.},
  title = {Environmental evaluation of biodiesel production from palm oil in
	a life cycle perspective},
  journal = {Asian Journal of Energy and Environment},
  year = {2007},
  volume = {8},
  pages = {15--32},
  url = {http://www.jseejournal.com/AJEE%202007/3.Environmental%20evaluation%20p.15-32.pdf}
}

@ARTICLE{PokooAikins2010412,
  author = {Grace Pokoo-Aikins and Aubrey Heath and Ray A. Mentzer and M. Sam
	Mannan and William J. Rogers and Mahmoud M. El-Halwagi},
  title = {A multi-criteria approach to screening alternatives for converting
	sewage sludge to biodiesel},
  journal = {Journal of Loss Prevention in the Process Industries },
  year = {2010},
  volume = {23},
  pages = {412 -- 420},
  number = {3},
  doi = {http://dx.doi.org/10.1016/j.jlp.2010.01.005},
  issn = {0950-4230},
  url = {http://www.sciencedirect.com/science/article/pii/S0950423010000173}
}

@MISC{Olin,
  author = {Olin Chlor Alkali Products},
  title = {Hydrochloric acid (HCl)},
  url = {http://www.olinchloralkali.com/Products/HydrochloricAcid.aspx}
}

@TECHREPORT{EmployRES2009,
  author = {Ragwitz, Mario and Schade, Wolfgang and Breitschopf, Barbara and
	Walz, Rainer and Helfrich, Nicki and Rathmann, Max and Resch, Gustav
	and Panzer, Christian and Faber, Thomas and Reinhard, Haas and Nathani,
	Carsten and Holzhey, Matthias and Konstantinaviciute, Inga and Zagamé,
	Paul and Fougeyrollas, Arnaud and Le Hir, Boris},
  title = {EmployRES. The impact of renewable energy policy on economic growth
	and employment in the European Union. Final report},
  institution = {EmployRES partnership: Fraunhofer ISI, Ecofys, EEG, Rütter + Partner,
	LEI and SEURECO},
  year = {2009},
  note = {Project supported by the Intelligent Energy -- Europe (IEE) of the
	European Commission}
}

@BOOK{Reid1987,
  title = {The properties of gases and liquids},
  publisher = {McGraw-Hill},
  year = {1987},
  author = {Reid, Robert C. and Prausnitz, J.M and Sherwood, Thomas Kilgore}
}

@PHDTHESIS{Reistad1970,
  author = {G. M. Reistad},
  title = {Availability: Concepts and Applications},
  school = {University of Wisconsin, USA},
  year = {1970},
  owner = {CESAR},
  timestamp = {2013.09.19}
}

@TECHREPORT{Rico2013,
  author = {Rico, Javier},
  title = {El Gobierno también recorta los objetivos de biocarburantes},
  institution = {Energ\'ias Renovables},
  year = {2013},
  month = {February},
  url = {http://www.energias-renovables.com/articulo/el-gobierno-tambien-recorta-los-objetivos-de-20130222}
}

@BOOK{Riegel2003,
  title = {Riegel's Handbook of Industrial Chemistry},
  publisher = {Kluwer Academics / Plenum Publishers},
  year = {2003},
  author = {Riegel, E.R and Kent, J.A}
}

@ARTICLE{Rivero20063310,
  author = {R. Rivero and M. Garfias},
  title = {Standard chemical exergy of elements updated},
  journal = {Energy },
  year = {2006},
  volume = {31},
  pages = {3310 -- 3326},
  number = {15},
  doi = {http://dx.doi.org/10.1016/j.energy.2006.03.020},
  issn = {0360-5442},
  url = {http://www.sciencedirect.com/science/article/pii/S0360544206000569}
}

@UNPUBLISHED{Rosen2005,
  author = {Rosen, Carl J. and Bierman, Peter M.},
  title = {Using manure and compost as nutrient sources for fruit and vegetable
	crops},
  note = {Department of Soil, Water, and Climate, University of Minnesota},
  year = {2005},
  url = {http://www.extension.umn.edu/distribution/horticulture/M1192.html}
}

@ARTICLE{Russi20081169,
  author = {Russi, Daniela},
  title = {An integrated assessment of a large-scale biodiesel production in
	Italy: killing several birds with one stone?},
  journal = {Energy Policy},
  year = {2008},
  volume = {36},
  pages = {1169 -- 1180},
  number = {3},
  doi = {10.1016/j.enpol.2007.11.016},
  issn = {0301-4215},
  keywords = {Biodiesel},
  url = {http://www.sciencedirect.com/science/article/pii/S0301421507005083}
}

@TECHREPORT{Rutz2008,
  author = {Rutz, Dominik and Janssen, Rainer},
  title = {Biofuel technology handbook},
  institution = {Project Biofuel Marketplace, supported by the Intelligent Energy
	-- Europe Programme (IEE) of the European Commission},
  year = {2008}
}

@TECHREPORT{Rutz2012,
  author = {Rutz, Dominik and Mergner, Rita and Janssen, Rainer},
  title = {Sustainable heat use of biogas plants. A handbook},
  institution = {Project BiogasHeat, supported by the Intelligent Energy -- Europe
	Programme (IEE) of the European Commission},
  year = {2012}
}

@MISC{SABIC,
  author = {SABIC},
  title = {Prilled urea and granular urea},
  institution = {Saudi Basic Industries Corporation},
  url = {http://www.sabic.com/corporate/en/productsandservices/fertilizers/prilled-rea-granular-rea}
}

@ARTICLE{Kannan2013,
  author = {S. Sankaranarayanan and S. Kannan},
  title = {Sonochemistry: a simple and efficient route for biodiesel production
	from neat and blended vegetable oils using LDH-derived base catalysts},
  journal = {Int J Adv Eng Sci Appl Math},
  year = {2013},
  volume = {5(4)},
  pages = {210-218},
  owner = {es17155931r},
  timestamp = {2015.04.20}
}

@ARTICLE{sciubba2003,
  author = {Sciubba, Enrico},
  title = {Extended exergy accounting applied to energy recovery from waste:
	The concept of total recycling},
  journal = {Strategies of Waste Energy Usage: Belin-Brandenburg Academy of Sciences
	Conference Dec 1999},
  year = {2003},
  volume = {28},
  pages = {1315--1334},
  number = {13},
  month = nov
}

@TECHREPORT{SETIS2011,
  author = {SETIS},
  title = {2011 Technology map of the European strategic energy technology plan
	(SET-Plan). Technology descriptions},
  institution = {JRC-IET, European Commission},
  year = {2011},
  url = {http://setis.ec.europa.eu/about-setis/technology-map/2011_Technology_Map1.pdf/view}
}

@ARTICLE{Siddiquee20111067,
  author = {Muhammad N. Siddiquee and Sohrab Rohani},
  title = {Lipid extraction and biodiesel production from municipal sewage sludges:
	A review },
  journal = {Renewable and Sustainable Energy Reviews },
  year = {2011},
  volume = {15},
  pages = {1067 -- 1072},
  number = {2},
  doi = {http://dx.doi.org/10.1016/j.rser.2010.11.029},
  issn = {1364-0321},
  keywords = {Biodiesel},
  url = {http://www.sciencedirect.com/science/article/pii/S1364032110003989}
}

@ARTICLE{Siddiquee20112241,
  author = {Muhammad N. Siddiquee and Sohrab Rohani},
  title = {Experimental analysis of lipid extraction and biodiesel production
	from wastewater sludge },
  journal = {Fuel Processing Technology },
  year = {2011},
  volume = {92},
  pages = {2241 -- 2251},
  number = {12},
  doi = {http://dx.doi.org/10.1016/j.fuproc.2011.07.018},
  issn = {0378-3820},
  url = {http://www.sciencedirect.com/science/article/pii/S0378382011002785}
}

@TECHREPORT{Sikes2011,
  author = {Sikes, Karen and McGill, Ralph and Van Walwijk, Martijn},
  title = {Algae as a feedstock for biofuels, an assessment of the current status
	and potential for algal biofuels production},
  institution = {IEA Advanced Motor Fuels Implementing Agreement and IEA Bioenergy
	Task 39},
  year = {2011},
  month = {September},
  url = {http://www.iea-amf.vtt.fi/pdf/annex34b_joint_t39_algal_biofuels_summary_report_sept2011.pdf}
}

@TECHREPORT{IPCC2007II,
  author = {Solomon, Susan and Qin, Dahe and Manning, Martin and Chen, Zhenlin
	and Marquis, Melinda and Averyt, Kristen and Tignor, Melinda and
	Mille, Henri LeRoy},
  title = {IPCC Fourth Assessment Report, Climate Change 2007: The physical
	science basis, contribution of Working Group I to the Fourth Assessment
	Report of the Intergovernmental Panel on Climate Change},
  institution = {IPCC},
  year = {2007}
}

@ARTICLE{vonspakovsky1993,
  author = {von Spakovsky, M. R. and Evans, R. B.},
  title = {Engineering Functional Analysis},
  journal = {Journal of Energy Resources Technology},
  year = {1993},
  volume = {115},
  pages = {86--99},
  number = {2},
  month = jun
}

@ARTICLE{Stephenson2008427,
  author = {A.L. Stephenson and J.S. Dennis and S.A. Scott},
  title = {Improving the sustainability of the production of biodiesel from
	oilseed rape in the UK},
  journal = {Process Safety and Environmental Protection},
  year = {2008},
  volume = {86},
  pages = {427 -- 440},
  number = {6},
  doi = {10.1016/j.psep.2008.06.005},
  issn = {0957-5820},
  keywords = {Life cycle analysis},
  url = {http://www.sciencedirect.com/science/article/pii/S0957582008000815}
}

@TECHREPORT{Stern2007,
  author = {Stern, Nicholas},
  title = {Stern review on the economics of climate change},
  institution = {Cabinet Office - HM Treasury, UK Government},
  year = {2007},
  url = {http://www.cambridge.org/gb/knowledge/isbn/item1164284/?site_locale=en_GB}
}

@BOOK{Szargut2005,
  title = {Exergy method. Technical and ecological applications},
  publisher = {WIT Press},
  year = {2005},
  author = {J. Szargut},
  address = {New York}
}

@TECHREPORT{Szargut1978,
  author = {Jan Szargut},
  title = {Minimization of the consumption of natural resources},
  institution = {Polish Academy of Sciences},
  year = {1978}
}

@ARTICLE{Morris1987,
  author = {Szargut, J. and Morris, D.R.},
  title = {Cumulative exergy consumption and cumulative degree of perfection
	of chemical processes.},
  journal = {Energy Research},
  year = {1987},
  volume = {11},
  pages = {245--261},
  number = {11}
}

@BOOK{Szargut1988,
  title = {Exergy analysis of thermal, chemical, and metallurgical processes},
  publisher = {Hemisphere},
  year = {1988},
  author = {J. Szargut and D. R. Morris and F.R. Steward},
  address = {New York}
}

@ARTICLE{szargut2002,
  author = {Szargut, Jan and Ziabik, Andrzej and Stanek, Wojciech},
  title = {Depletion of the non-renewable natural exergy resources as a measure
	of the ecological cost},
  journal = {Energy Conversion and Management},
  year = {2002},
  volume = {43},
  pages = {1149--1163},
  number = {9--12},
  month = jun,
  doi = {10.1016/S0196-8904(02)00005-5},
  issn = {0196-8904},
  keywords = {Ecological cost, Environmental losses, Exergy, Major energy carriers,
	Natural resources, Pig iron},
  owner = {CESAR},
  timestamp = {2013.09.19},
  url = {http://www.sciencedirect.com/science/article/pii/S0196890402000055},
  urldate = {2002-08-01}
}

@ARTICLE{Talens2007,
  author = {Talens, Laura and Villalba, Gara and Gabarrell, Xavier},
  title = {Exergy analysis applied to biodiesel production},
  journal = {Resources, Conservation and Recycling},
  year = {2007},
  volume = {51},
  pages = {397 -- 407},
  number = {2},
  doi = {10.1016/j.resconrec.2006.10.008},
  issn = {0921-3449},
  keywords = {Exergy analysis},
  url = {http://www.sciencedirect.com/science/article/pii/S0921344906002473}
}

@ARTICLE{Talens2010,
  author = {Talens, Laura and Villalba, Gara and Sciubba, Enrico and Gabarrell,
	Xavier},
  title = {Extended exergy accounting applied to biodiesel production},
  journal = {Energy},
  year = {2010},
  volume = {35},
  pages = {2861 -- 2869},
  number = {7},
  doi = {10.1016/j.energy.2010.03.015},
  issn = {0360-5442},
  keywords = {Exergy analysis},
  url = {http://www.sciencedirect.com/science/article/pii/S0360544210001337}
}

@INCOLLECTION{Torres2006,
  author = {Torres, C},
  title = {Symbolic thermoeconomic analysis of energy systems},
  booktitle = {Exergy, energy system analysis and optimization, from Encyclopedia
	of Life Support Systems (EOLSS)},
  publisher = {EOLSS Publishers},
  year = {2006},
  editor = {Frangopoulos, C},
  howpublished = {EOLSS Publishers}
}

@PHDTHESIS{Torres1991,
  author = {Torres, C},
  title = {Symbolic exergoeconomics: methodology for thermoeconomic analysis
	of energy systems},
  school = {Universidad de zaragoza},
  year = {1991},
  month = {July}
}

@INPROCEEDINGS{Torres2012a,
  author = {Cesar Torres and Antonio Valero},
  title = {The Fuel Impact formula revisited},
  booktitle = {Proceedings of ECOS 2012. The 25th International Conference on Efficiency,
	Cost, Optimization, Simulation and Environmental Impact of Energy
	Systems (June 26-29, 2012, Perugia, Italy)},
  year = {2012},
  pages = {240--249},
  url = {http://www.scopus.com/scopus/inward/record.url?eid=2-s2.0-0031388275&partnerID=40&rel=R6.5.0}
}

@ARTICLE{Torres-etal2002,
  author = {Torres, C and Valero, A and Serra, L and Royo, F J},
  title = {Structural theory and thermoeconomic diagnosis Part I. On malfunction
	and disfunction analysis},
  journal = {Energy Conversion and Management},
  year = {2002},
  volume = {43 },
  pages = {1503--1518},
  keywords = {Thermoeconomic analysis; Energy; Thermoeconomic diagnosis; Exergy;
	Exergy cost}
}

@ARTICLE{Torres2012b,
  author = {Torres, Cesar and Valero, Antonio and Valero, Alicia},
  title = {Exergoecology as a tool for ecological modelling. The case of the
	US food production chain},
  journal = {Ecological Modelling},
  year = {2012},
  volume = {255},
  pages = {21--28}
}

@TECHREPORT{Tribus1962,
  author = {M. Tribus and E. Evans},
  title = {A Contribution to the Theory of Thermoeconomics},
  institution = {University of California, Los Angeles},
  year = {1962},
  number = {62},
  owner = {CESAR},
  timestamp = {2013.09.19}
}

@CONFERENCE{Tricas2013,
  author = {Antonio Tricas},
  title = {Clean Power for Transport package. An EU sustainable alternative
	fuels strategy including the appropriate infrastructure. The role
	of biofuels},
  booktitle = {AEBIOM European Bioenergy Conference 2013},
  year = {2013}
}

@MISC{TRIP2012,
  author = {{TRIP Innovation Portal consortium on behalf of the European Commission's
	Directorate-General for Mobility and Transport DG MOVE}},
  title = {Towards a low carbon transport in Europe, Communicating transport
	research and innovation},
  year = {2012},
  url = {http://www.transport-research.info/Upload/Documents/201204/20120423_214705_81522_PB02_web.pdf}
}

@ARTICLE{Tsatsaronis1985,
  author = {Tsatsaronis, G. and Winhold, M.},
  title = {Exergoeconomic analysis and evaluation of energy-conversion plants},
  journal = {Energy},
  year = {1985},
  volume = {10},
  pages = {69--80},
  number = {1}
}

@MISC{UFOP41,
  author = {UFOP},
  title = {Chart of the week (41). Oilseed meal prices in decline},
  organization = {German Union of Vegetable Oil and Meal Producers},
  url = {http://www.ufop.de/english/news/chart-of-the-week/archive-chart-of-the-week/}
}

@MISC{UNIDO2003,
  author = {UNIDO},
  title = {Cleaner Production Toolkit, Volume 3 - Material flow analysis},
  organization = {UNIDO},
  owner = {Emilio},
  timestamp = {2013.02.24},
  url = {http://www.unido.org/resources/publications/energy-and-environment/industrial-energy-efficiency/cp-toolkit-english.html}
}

@TECHREPORT{Urbanchuk2012,
  author = {Urbanchuk, John M.},
  title = {Contribution of biofuels to the global economy},
  institution = {Global Renewable Fuels Association},
  year = {2012},
  url = {http://www.mvo.nl/Portals/0/duurzaamheid/biobrandstoffen/nieuws/2012/05/Global_Economic_Impact_of_Biofuels_FINAL.pdf}
}

@ARTICLE{Uson201243,
  author = {Usón, Sergio and Valero, Antonio and Agudelo, Andrés},
  title = {Thermoeconomics and Industrial Symbiosis. Effect of by-product integration
	in cost assessment},
  journal = {Energy},
  year = {2012},
  volume = {45},
  pages = {43 -- 51},
  number = {1},
  doi = {10.1016/j.energy.2012.04.016},
  issn = {0360-5442},
  keywords = {Thermoeconomics},
  url = {http://www.sciencedirect.com/science/article/pii/S0360544212002964}
}

@MISC{USDAonline,
  author = {{USDA - United States Department of Agriculture Foreign Agricultural
	Service}},
  title = {PDS - Production, Supply and Distribution Online},
  url = {http://www.fas.usda.gov/psdonline/}
}

@INCOLLECTION{Valero2006,
  author = {Valero, A},
  title = {Thermodynamic process of cost formation},
  booktitle = {Exergy, energy system analysis and optimization, Vol. II from Encyclopedia
	of Life Support Systems (EOLSS)},
  publisher = {EOLSS Publishers},
  year = {2006},
  editor = {Frangopoulos, C},
  howpublished = {EOLSS Publishers},
  url = {http://teide.cps.unizar.es:8080/pub/publicir.nsf/codigospub/0251/$FILE/CP0251.pdf}
}

@ARTICLE{Valero2006164,
  author = {A. Valero},
  title = {Exergy accounting: capabilities and drawbacks},
  journal = {Energy},
  year = {2006},
  volume = {31},
  pages = {164 -- 180},
  number = {1},
  url = {http://www.sciencedirect.com/science/article/pii/S0360544204002415}
}

@INCOLLECTION{Valero1989,
  author = {Valero, A},
  title = {Thermoeconomics: a new chapter of physics},
  booktitle = {Analisis exergetica applicata a cetrali elettriche},
  publisher = {ENEL. Centro Ricerca Termica e Nucleare},
  year = {1989},
  pages = {1--19},
  howpublished = {ENEL. Centro Ricerca Termica e Nucleare}
}

@ARTICLE{Valero2004b,
  author = {A. Valero and L. Correas and A. Zaleta and A. Lazzaretto and V. Verda
	and M. Reini and V. Rangel},
  title = {On the Thermoeconomic Approach to the Diagnosis of Energy System
	Malfunctions. Part 1: the TADEUS problem},
  journal = {Energy},
  year = {2004},
  volume = {29},
  pages = {1875-1887},
  owner = {CESAR},
  timestamp = {2013.09.19}
}

@ARTICLE{Valero1994279,
  author = {Antonio Valero and Miguel A. Lozano and Luis Serra and George Tsatsaronis
	and Javier Pisa and Christos Frangopoulos and Michael R. von Spakovsky},
  title = {\{CGAM\} problem: Definition and conventional solution },
  journal = {Energy },
  year = {1994},
  volume = {19},
  pages = {279 - 286},
  number = {3},
  note = {<ce:title>Invited Papers on Exergoeconomics</ce:title> },
  doi = {http://dx.doi.org/10.1016/0360-5442(94)90112-0},
  issn = {0360-5442},
  owner = {CESAR},
  timestamp = {2013.09.19},
  url = {http://www.sciencedirect.com/science/article/pii/0360544294901120}
}

@INPROCEEDINGS{Valeroetal1986I,
  author = {Valero, A and Lozano, M and Mu\~{n}oz, M},
  title = {A general theory of exergy saving. I. On the exergetic cost},
  booktitle = {Computer-aided engineering and energy systems},
  year = {1986},
  editor = {Gaggioli, R A},
  series = {Vol. 3: Second Law Analysis and Modelling},
  pages = {1--8},
  address = {New York},
  publisher = {ASME}
}

@INPROCEEDINGS{Valeroetal1986II,
  author = {Valero, A and Mu\~{n}oz, M and Lozano, M},
  title = {A general theory of exergy saving. II. On the thermoeconomic cost},
  booktitle = {Computer-aided engineering and energy systems},
  year = {1986},
  editor = {Gaggioli, R A},
  series = {Vol. 3: Second Law Analysis and Modelling},
  pages = {9--16},
  address = {New York},
  publisher = {ASME},
  endnotereftype = {Conference Proceedings}
}

@INPROCEEDINGS{Valeroetal1986III,
  author = {Valero, A and Mu\~{n}oz, M and Lozano, M},
  title = {A general theory of exergy saving. III. Energy saving and thermoeconomics},
  booktitle = {Computer-aided engineering and energy systems},
  year = {1986},
  editor = {Gaggioli, R A},
  series = {Vol. 3: Second law analysis and modeling},
  pages = {17--21},
  address = {New York},
  publisher = {ASME}
}

@ARTICLE{Valeroetal2006,
  author = {Valero, A. and Serra, L. and Uche, J.},
  title = {Fundamentals of exergy cost accounting and thermoeconomics. Part
	I: Theory},
  journal = {Journal of Energy Resources Technology},
  year = {2006},
  volume = {128},
  pages = {1--8}
}

@INCOLLECTION{ValeroTorres,
  author = {Valero, Antonio and Torres, Cesar},
  title = {Thermoeconomic analysis},
  booktitle = {Exergy, energy system analysis and optimization},
  publisher = {UNESCO - EOLSS},
  year = {2004}
}

@ARTICLE{valero2010,
  author = {Valero, Antonio and Us\'on, Sergio and Torres, C. and Valero, Alicia},
  title = {Application of thermoeconomics to industrial ecology},
  journal = {Entropy},
  year = {2010},
  volume = {12},
  pages = {591--612},
  number = {3},
  month = mar,
  doi = {10.3390/e12030591},
  issn = {1099-4300},
  url = {http://www.mdpi.com/1099-4300/12/3/591}
}

@BOOK{ValeroD2010,
  title = {Exergy analysis of resources and processes},
  publisher = {Prensas Universitarias de Zaragoza},
  year = {2010},
  author = {Valero, Antonio and Valero, Alicia}
}

@INPROCEEDINGS{Velasquez2007,
  author = {Velásquez, H and Benjumea, P and De Oliveira, S},
  title = {Exergy and environmental analysis of the palm oil biodiesel production
	process},
  booktitle = {Proceedings of the 20th international conference on efficiency, cost
	optimization and environmental impact of energy systems. ECOS 2007},
  year = {2007},
  pages = {777--784.},
  address = {Padova, Italy},
  month = {June}
}

@ARTICLE{Venturi2003235,
  author = {Venturi, Piero and Venturi, Gianpietro},
  title = {Analysis of energy comparison for crops in European agricultural
	systems},
  journal = {Biomass and Bioenergy},
  year = {2003},
  volume = {25},
  pages = {235 -- 255},
  number = {3},
  doi = {10.1016/S0961-9534(03)00015-1},
  issn = {0961-9534},
  keywords = {Oil crops},
  url = {http://www.sciencedirect.com/science/article/pii/S0961953403000151}
}

@TECHREPORT{Volpi2013,
  author = {Volpi, Giulio},
  title = {State of play of EU bioenergy policy},
  institution = {Inteligent Energy Europe. European Commission},
  year = {2013},
  month = {January}
}

@MANUAL{Wilde1990,
  title = {Enthalpy and entropy of organic compounds from group contributions},
  author = {Wilde, J.P.},
  organization = {Delft University of Technology, Prins Maurits Laboratory},
  address = {Delft, Rijswijk, The Netherlands},
  month = {June},
  year = {1990},
  url = {http://repository.tudelft.nl/view/ir/uuid%3Aebd538b4-ee5f-4c92-96b0-2fde6c69dd1d/}
}

@TECHREPORT{WWF2011,
  author = {{WWF, Ecofys and OMA}},
  title = {The energy report 100{\%} renewable energy by 2050},
  institution = {WWF},
  year = {2011},
  url = {http://wwf.panda.org/what_we_do/footprint/climate_carbon_energy/energy_solutions/renewable_energy/sustainable_energy_report/}
}

@ARTICLE{Yang2012513,
  author = {Yang, Fangxia and Hanna, Milford A and Sun, Runcang},
  title = {Value-added uses for crude glycerol, a byproduct of biodiesel production},
  journal = {Biotechnology for Biofuels},
  year = {2012},
  volume = {5},
  pages = {13},
  url = {http://www.biotechnologyforbiofuels.com/content/5/1/13}
}

@TECHREPORT{Kristofel2011b,
  author = {Zeng, Thomas and Kallio, Markku and Ovarainen, Heikki},
  title = {Critical review on the pelletizing technology, combustion technology
	and industrial-scale systems},
  institution = {MixBioPells project, supported by the Intelligent Energy -- Europe
	(IEE) Programme of the European Commission},
  year = {2012},
  month = {April},
  url = {http://www.mixbiopells.eu/fileadmin/user_upload/WP3/D31_Critical_Review_about_pelletising_and_combustion_technology_FINAL.pdf}
}

@ARTICLE{Zhang2013392,
  author = {Xiaolei Zhang and Song Yan and Rajeshwar D. Tyagi and Rao Y. Surampalli},
  title = {Energy balance and greenhouse gas emissions of biodiesel production
	from oil derived from wastewater and wastewater sludge },
  journal = {Renewable Energy },
  year = {2013},
  volume = {55},
  pages = {392 -- 403},
  doi = {http://dx.doi.org/10.1016/j.renene.2012.12.046},
  issn = {0960-1481},
  keywords = {Biodiesel},
  url = {http://www.sciencedirect.com/science/article/pii/S0960148113000086}
}

@ARTICLE{Zhang2003,
  author = {Zhang, Y and Dubé, M.A and McLean, D.D and Kates, M},
  title = {Biodiesel production from waste cooking oil: 1. Process design and
	technological assessment},
  journal = {Bioresource Technology},
  year = {2003},
  volume = {89},
  pages = {1--16},
  month = {August},
  url = {http://www.ncbi.nlm.nih.gov/pubmed/12676496}
}

@ARTICLE{Zhou2006,
  author = {Zhou, Weiyang and Boocock, D.G.B.},
  title = {Phase distributions of alcohol, glycerol, and catalyst in the transesterification
	of soybean oil},
  journal = {Journal of the American Oil Chemists' Society},
  year = {2006},
  volume = {83},
  pages = {1047-1052},
  doi = {10.1007/s11746-006-5161-4},
  issn = {0003-021X},
  issue = {12},
  keywords = {Base-catalyzed transesterification; biodiesel; ethanol; methanol;
	phase behavior},
  publisher = {Springer-Verlag},
  url = {http://dx.doi.org/10.1007/s11746-006-5161-4}
}

@ARTICLE{Zhu2012352,
  author = {Fenfen Zhu and Luyao Zhao and Zhaolong Zhang and Huimin Jiang},
  title = {Preliminary study at lipids extraction technology from municipal
	sludge by organic solvent},
  journal = {Procedia Environmental Sciences },
  year = {2012},
  volume = {16},
  pages = {352 -- 356},
  number = {0},
  doi = {http://dx.doi.org/10.1016/j.proenv.2012.10.050},
  issn = {1878-0296},
  url = {http://www.sciencedirect.com/science/article/pii/S1878029612005889}
}

@PROCEEDINGS{Erickson1990,
  title = {Edible fats and oils processing. Basic principles and modern practices.
	(World Conference Proceedings)},
  year = {1990},
  editor = {Erickson, D.R},
  publisher = {American Oil Chemists' Society}
}

@MISC{ASTM7566,
  title = {ASTM D7566 -- 13. Standard specification for aviation turbine fuel
	containing synthesized hydrocarbons},
  key = {ASTM},
  url = {http://www.astm.org/Standards/D7566.htm#an00001}
}

@MISC{BIOMAP,
  title = {BIOMAP - Time-enabled mapping and dissemination tool for biofuel
	projects},
  note = {7th Framework Programme Coordination and Support Action},
  institution = {European Commission},
  key = {BIOMAP}
}

@MISC{Diester,
  title = {Diester Partenaires},
  key = {Diester},
  timestamp = {2013.02.25},
  url = {http://www.partenaires-diester.com/}
}

@MISC{EcoInvent,
  title = {EcoInvent},
  institution = {Swiss Centre for Life Cycle Inventories},
  key = {EcoInvent},
  url = {www. ecoinvent.org}
}

@MISC{FAO-021,
  title = {FAO -- Advances in citriculture 4. Sustainability of citrus plant
	nutrition and fertilization},
  howpublished = {FAO -- LEBANON GCP/LEB/021/ITA},
  institution = {FAO},
  key = {FAO}
}

@MISC{Phyllis2,
  title = {Phyllis2, database for biomass and waste,},
  note = {Co-funded by the EU 7th Framework Programme through the BRISK project},
  organization = {Energy research Centre of the Netherlands},
  url = {http://www.ecn.nl/phyllis2}
}

@MISC{SimaPro,
  title = {SimaPro software},
  institution = {Pré Consultants},
  key = {SimaPro},
  url = {htLtp://www.pre-sustainability.com/}
}

@ARTICLE{,
  owner = {es17155931r},
  timestamp = {2015.02.22}
}

@MISC{REN212013,
  title = {REN21. 2013. Renewables 2013 global status report},
  year = {2013},
  key = {REN21},
  url = {http://www.ren21.net/}
}

@MISC{CARS21,
  title = {CARS 21 High level group on the competitiveness and sustainable growth
	of the automotive industry in the European Union. Final report 2012},
  year = {2012},
  key = {CARS21},
  owner = {Emilio},
  timestamp = {2013.02.26},
  url = {http://ec.europa.eu/enterprise/sectors/automotive/files/cars-21-final-report-2012_en.pdf}
}

@MISC{EBTP2011,
  title = {Policy toolkit to improve the support mechanisms for advanced biofuels.
	European Biofuels Technology Platform},
  year = {2011},
  key = {EBTP2011},
  url = {http://www.biofuelstp.eu/policy/policy-toolkit-ebtp-06-10-2011.pdf}
}

@MANUAL{Tamu2010,
  title = {Techniques of seed production and handling. Chapter 6},
  organization = {Texas A\&M University},
  year = {2010},
  owner = {Emilio},
  timestamp = {2013.08.04}
}

